@book {Achar,
    AUTHOR = {Achar, Pramod N.},
     TITLE = {Perverse sheaves and applications to representation theory},
    SERIES = {Mathematical Surveys and Monographs},
    VOLUME = {258},
 PUBLISHER = {American Mathematical Society, Providence, RI},
      YEAR = {[2021] \copyright 2021},
     PAGES = {xii+562},
      ISBN = {978-1-4704-5597-2},
   MRCLASS = {32-02 (14F08 17B08 17B37 20G05 32S60)},
  MRNUMBER = {4337423},
MRREVIEWER = {Jun\ Hu},
       DOI = {10.1090/surv/258},
       URL = {https://doi.org/10.1090/surv/258},
}
@article {AD14,
    AUTHOR = {Araujo, Carolina and Druel, St\'{e}phane},
     TITLE = {On {F}ano foliations},
   JOURNAL = {Adv. Math.},
  FJOURNAL = {Advances in Mathematics},
    VOLUME = {238},
      YEAR = {2013},
     PAGES = {70--118},
}
@article{Amb03,
      title={The moduli b-divisor of an lc-trivial fibration},
      author={Ambro, Florin},
      journal={Compositio Mathematica},
      volume={141},
      number={2},
      pages={385--403},
      year={2005},
      publisher={London Mathematical Society},
}

@article {AS95,
    AUTHOR = {Angehrn, Urban and Siu, Yum Tong},
     TITLE = {Effective freeness and point separation for adjoint bundles},
   JOURNAL = {Invent. Math.},
  FJOURNAL = {Inventiones Mathematicae},
    VOLUME = {122},
      YEAR = {1995},
    NUMBER = {2},
     PAGES = {291--308},
      ISSN = {0020-9910,1432-1297},
   MRCLASS = {32J25 (14C20 32L10)},
  MRNUMBER = {1358978},
MRREVIEWER = {Jaros\l aw\ A.\ Wi\'sniewski},
       DOI = {10.1007/BF01231446},
       URL = {https://doi.org/10.1007/BF01231446},
}

@book {BPV84,
    AUTHOR = {Barth, Wolf and Peters, Chris and Van de Ven, Antonius},
     TITLE = {Compact complex surfaces},
    SERIES = {Ergebnisse der Mathematik und ihrer Grenzgebiete (3) [Results
              in Mathematics and Related Areas (3)]},
    VOLUME = {4},
 PUBLISHER = {Springer-Verlag, Berlin},
      YEAR = {1984},
     PAGES = {x+304},
}

@article {BMT14,
    AUTHOR = {Bayer, Arend and Macr\`i, Emanuele and Toda, Yukinobu},
     TITLE = {Bridgeland stability conditions on threefolds {I}:
              {B}ogomolov-{G}ieseker type inequalities},
   JOURNAL = {J. Algebraic Geom.},
  FJOURNAL = {Journal of Algebraic Geometry},
    VOLUME = {23},
      YEAR = {2014},
    NUMBER = {1},
     PAGES = {117--163},
      ISSN = {1056-3911,1534-7486},
   MRCLASS = {14F05 (14J30)},
  MRNUMBER = {3121850},
MRREVIEWER = {Adrian\ Langer},
       DOI = {10.1090/S1056-3911-2013-00617-7},
       URL = {https://doi.org/10.1090/S1056-3911-2013-00617-7},
}

@article {BBMT14,
    AUTHOR = {Bayer, Arend and Bertram, Aaron and Macr\`i, Emanuele and
              Toda, Yukinobu},
     TITLE = {Bridgeland stability conditions of threefolds {II}: {A}n
              application to {F}ujita's conjecture},
   JOURNAL = {J. Algebraic Geom.},
  FJOURNAL = {Journal of Algebraic Geometry},
    VOLUME = {23},
      YEAR = {2014},
    NUMBER = {4},
     PAGES = {693--710},
      ISSN = {1056-3911,1534-7486},
   MRCLASS = {14F05 (14C20 14J30)},
  MRNUMBER = {3263665},
MRREVIEWER = {Fyodor\ L.\ Zak},
       DOI = {10.1090/S1056-3911-2014-00637-8},
       URL = {https://doi.org/10.1090/S1056-3911-2014-00637-8},
}
@book {Beau,
    AUTHOR = {Beauville, Arnaud},
     TITLE = {\textit{Complex algebraic surfaces}},
    SERIES = {London Mathematical Society Student Texts},
    VOLUME = {34},
   EDITION = {Second},
      NOTE = {Translated from the 1978 French original by R. Barlow, with
              assistance from N. I. Shepherd-Barron and M. Reid},
 PUBLISHER = {Cambridge University Press, Cambridge},
      YEAR = {1996},
     PAGES = {x+132},
      ISBN = {0-521-49510-5; 0-521-49842-2},
   MRCLASS = {14Jxx (14-02)},
  MRNUMBER = {1406314},
       DOI = {10.1017/CBO9780511623936},
       URL = {https://doi.org/10.1017/CBO9780511623936},
}
@article {BP08,
    AUTHOR = {Berndtsson, Bo and P\u aun, Mihai},
     TITLE = {Bergman kernels and the pseudoeffectivity of relative
              canonical bundles},
   JOURNAL = {Duke Math. J.},
  FJOURNAL = {Duke Mathematical Journal},
    VOLUME = {145},
      YEAR = {2008},
    NUMBER = {2},
     PAGES = {341--378},
      ISSN = {0012-7094,1547-7398},
   MRCLASS = {32L15 (14J40)},
  MRNUMBER = {2449950},
MRREVIEWER = {James\ McKernan},
       DOI = {10.1215/00127094-2008-054},
       URL = {https://doi.org/10.1215/00127094-2008-054},
}
@article {BCHM10,
    AUTHOR = {Birkar, Caucher and Cascini, Paolo and Hacon, Christopher D.
              and McKernan, James},
     TITLE = {Existence of minimal models for varieties of log general type},
   JOURNAL = {J. Amer. Math. Soc.},
  FJOURNAL = {Journal of the American Mathematical Society},
    VOLUME = {23},
      YEAR = {2010},
    NUMBER = {2},
     PAGES = {405--468},
      ISSN = {0894-0347,1088-6834},
   MRCLASS = {14E30 (14E05)},
  MRNUMBER = {2601039},
MRREVIEWER = {Mark\ Gross},
       DOI = {10.1090/S0894-0347-09-00649-3},
       URL = {https://doi.org/10.1090/S0894-0347-09-00649-3},
}
@article {Bou04,
    AUTHOR = {Boucksom, S\'{e}bastien},
     TITLE = {Divisorial {Z}ariski decompositions on compact complex
              manifolds},
   JOURNAL = {Ann. Sci. \'{E}cole Norm. Sup. (4)},
  FJOURNAL = {Annales Scientifiques de l'\'{E}cole Normale Sup\'{e}rieure. Quatri\`eme
              S\'{e}rie},
    VOLUME = {37},
      YEAR = {2004},
    NUMBER = {1},
     PAGES = {45--76},
      ISSN = {0012-9593},
   MRCLASS = {32J18 (32C30)},
  MRNUMBER = {2050205},
MRREVIEWER = {Adam Gregory Harris},
       DOI = {10.1016/j.ansens.2003.04.002},
       URL = {https://doi.org/10.1016/j.ansens.2003.04.002},
}
@article {BDPP13,
    AUTHOR = {Boucksom, S\'{e}bastien and Demailly, Jean-Pierre and P\u{a}un, Mihai
              and Peternell, Thomas},
     TITLE = {The pseudo-effective cone of a compact {K}\"{a}hler manifold and
              varieties of negative {K}odaira dimension},
   JOURNAL = {J. Algebraic Geom.},
  FJOURNAL = {Journal of Algebraic Geometry},
    VOLUME = {22},
      YEAR = {2013},
    NUMBER = {2},
     PAGES = {201--248},
      ISSN = {1056-3911},
   MRCLASS = {14E99 (32J18 32L05 53C26)},
  MRNUMBER = {3019449},
MRREVIEWER = {Thomas Eckl},
       DOI = {10.1090/S1056-3911-2012-00574-8},
       URL = {https://doi.org/10.1090/S1056-3911-2012-00574-8},
}
@article {Bra21,
    AUTHOR = {Braun, Lukas},
     TITLE = {The local fundamental group of a {K}awamata log terminal
              singularity is finite},
   JOURNAL = {Invent. Math.},
  FJOURNAL = {Inventiones Mathematicae},
    VOLUME = {226},
      YEAR = {2021},
    NUMBER = {3},
     PAGES = {845--896},
       DOI = {10.1007/s00222-021-01062-0}
}

@article {BCS20,
    AUTHOR = {Braun, Matthias and Choi, Young-Jun and Schumacher, Georg},
     TITLE = {K\"ahler forms for families of {C}alabi-{Y}au manifolds},
   JOURNAL = {Publ. Res. Inst. Math. Sci.},
  FJOURNAL = {Publications of the Research Institute for Mathematical
              Sciences},
    VOLUME = {56},
      YEAR = {2020},
    NUMBER = {1},
     PAGES = {1--13},
      ISSN = {0034-5318,1663-4926},
   MRCLASS = {32G13 (32Q15 32Q25 53C55)},
  MRNUMBER = {4055971},
MRREVIEWER = {Cezar\ Joi\c ta},
       DOI = {10.4171/prims/56-1-1},
       URL = {https://doi.org/10.4171/prims/56-1-1},
}

@misc{Bri18,
  title={Notes on automorphism groups of projective varieties},
  author={Michel Brion},
  year={2018},
  note={Preprint. Available from the author's web site \url{https://www-fourier.univ-grenoble-alpes.fr/~mbrion/autos_final.pdf}},
}
@article {BKT13,
    AUTHOR = {Brunebarbe, Yohan and Klingler, Bruno and Totaro, Burt},
     TITLE = {Symmetric differentials and the fundamental group},
   JOURNAL = {Duke Math. J.},
  FJOURNAL = {Duke Mathematical Journal},
    VOLUME = {162},
      YEAR = {2013},
    NUMBER = {14},
     PAGES = {2797--2813},
      ISSN = {0012-7094},
   MRCLASS = {14F35 (14D07 14F10)},
  MRNUMBER = {3127814},
MRREVIEWER = {Alex Degtyarev},
       DOI = {10.1215/00127094-2381442},
       URL = {https://doi.org/10.1215/00127094-2381442},
}
@article {Bru18,
    AUTHOR = {Brunebarbe, Yohan},
     TITLE = {Symmetric differentials and variations of {H}odge structures},
   JOURNAL = {J. Reine Angew. Math.},
  FJOURNAL = {Journal f\"{u}r die Reine und Angewandte Mathematik. [Crelle's
              Journal]},
    VOLUME = {743},
      YEAR = {2018},
     PAGES = {133--161},
      ISSN = {0075-4102,1435-5345},
   MRCLASS = {14D07 (32G20)},
  MRNUMBER = {3859271},
MRREVIEWER = {Kimio\ Miyajima},
       DOI = {10.1515/crelle-2015-0109},
       URL = {https://doi.org/10.1515/crelle-2015-0109},
}

@article {Bru06,
    AUTHOR = {Brunella, Marco},
     TITLE = {A positivity property for foliations on compact {K}\"ahler
              manifolds},
   JOURNAL = {Internat. J. Math.},
  FJOURNAL = {International Journal of Mathematics},
    VOLUME = {17},
      YEAR = {2006},
    NUMBER = {1},
     PAGES = {35--43},
      ISSN = {0129-167X,1793-6519},
   MRCLASS = {32Q15 (32J27 32Q30 32W20 37F75)},
  MRNUMBER = {2204838},
MRREVIEWER = {S\l awomir\ Ko\l odziej},
       DOI = {10.1142/S0129167X06003333},
       URL = {https://doi.org/10.1142/S0129167X06003333},
}

@article {CDG22,
    AUTHOR = {Cadorel, Beno\^{i}t and Diverio, Simone and Guenancia, Henri},
     TITLE = {On subvarieties of singular quotients of bounded domains},
   JOURNAL = {J. Lond. Math. Soc. (2)},
  FJOURNAL = {Journal of the London Mathematical Society. Second Series},
    VOLUME = {106},
      YEAR = {2022},
    NUMBER = {4},
     PAGES = {3208--3239},
      ISSN = {0024-6107,1469-7750},
   MRCLASS = {32J25 (14E20 14E22 32Q30 32Q45)},
  MRNUMBER = {4524197},
MRREVIEWER = {Shan\ Tai\ Chan},
       DOI = {10.1112/jlms.12660},
       URL = {https://doi.org/10.1112/jlms.12660},
}
@article {Cam04,
    AUTHOR = {Campana, Fr\'{e}d\'{e}ric},
     TITLE = {Orbifolds, special varieties and classification theory: an
              appendix},
   JOURNAL = {Ann. Inst. Fourier (Grenoble)},
  FJOURNAL = {Universit\'{e} de Grenoble. Annales de l'Institut Fourier},
    VOLUME = {54},
      YEAR = {2004},
    NUMBER = {3},
     PAGES = {631--665},
      ISSN = {0373-0956},
   MRCLASS = {14E05 (14D06 14J40 32Q57 35Q15)},
  MRNUMBER = {2097417},
MRREVIEWER = {Dan Abramovich},
       URL = {http://aif.cedram.org/item?id=AIF_2004__54_3_631_0},
}
@incollection {Cam11,
    AUTHOR = {Campana, Fr\'{e}d\'{e}ric},
     TITLE = {Remarks on an example of {K}. {U}eno},
 BOOKTITLE = {Classification of algebraic varieties},
    SERIES = {EMS Ser. Congr. Rep.},
     PAGES = {115--121},
 PUBLISHER = {Eur. Math. Soc., Z\"{u}rich},
      YEAR = {2011},
   MRCLASS = {14M22 (14J30)},
  MRNUMBER = {2779469},
MRREVIEWER = {Kiwamu Watanabe},
       DOI = {10.4171/007-1/5},
       URL = {https://doi.org/10.4171/007-1/5},
}
@article {Cam11b,
    AUTHOR = {Campana, Fr\'{e}d\'{e}ric},
     TITLE = {Orbifoldes g\'{e}om\'{e}triques sp\'{e}ciales et classification
              bim\'{e}romorphe des vari\'{e}t\'{e}s k\"{a}hl\'{e}riennes compactes},
   JOURNAL = {J. Inst. Math. Jussieu},
  FJOURNAL = {Journal of the Institute of Mathematics of Jussieu. JIMJ.
              Journal de l'Institut de Math\'{e}matiques de Jussieu},
    VOLUME = {10},
      YEAR = {2011},
    NUMBER = {4},
     PAGES = {809--934},
      ISSN = {1474-7480},
   MRCLASS = {32J27 (11G05 32J25 32Q45)},
  MRNUMBER = {2831280},
       DOI = {10.1017/S1474748010000101},
       URL = {https://doi.org/10.1017/S1474748010000101},
}
@article {Cam21,
    AUTHOR = {Campana, Fr\'{e}d\'{e}ric},
     TITLE = {The {B}ogomolov-{B}eauville-{Y}au decomposition for {KLT}
              projective varieties with trivial first {C}hern
              class---without tears},
   JOURNAL = {Bull. Soc. Math. France},
  FJOURNAL = {Bulletin de la Soci\'{e}t\'{e} Math\'{e}matique de France},
    VOLUME = {149},
      YEAR = {2021},
    NUMBER = {1},
     PAGES = {1--13},
      ISSN = {0037-9484},
   MRCLASS = {14J42 (14E30 14J32 32J25 32Q20 32Q25)},
  MRNUMBER = {4250034},
MRREVIEWER = {Ziquan Zhuang},
       DOI = {10.24033/bsmf.2823},
       URL = {https://doi.org/10.24033/bsmf.2823},
}
@article{CCP19, 
    author={Campana, Fr\'{e}d\'{e}ric and Cao, Junyan and P\u{a}un, Mihai}, 
    title={Subharmonicity of direct images and applications}, 
    year={2019},
    note={Preprint. arXiv:1906.11317.},
}
@article {CCM21,
    AUTHOR = {Campana, Fr\'{e}d\'{e}ric and Cao, Junyan and Matsumura, Shin-ichi},
     TITLE = {Projective klt pairs with nef anti-canonical divisor},
   JOURNAL = {Algebr. Geom.},
  FJOURNAL = {Algebraic Geometry},
    VOLUME = {8},
      YEAR = {2021},
    NUMBER = {4},
     PAGES = {430--464},
      ISSN = {2313-1691},
   MRCLASS = {14E30 (14D06 32J25)},
  MRNUMBER = {4371536},
MRREVIEWER = {Paul A. Hacking},
       DOI = {10.14231/ag-2021-013},
       URL = {https://doi.org/10.14231/ag-2021-013},
}
@article {CCE15,
    AUTHOR = {Campana, Fr\'{e}deric and Claudon, Beno\^{i}t and Eyssidieux,
              Philippe},
     TITLE = {Repr\'{e}sentations lin\'{e}aires des groupes k\"{a}hl\'{e}riens:
              factorisations et conjecture de {S}hafarevich lin\'{e}aire},
   JOURNAL = {Compos. Math.},
  FJOURNAL = {Compositio Mathematica},
    VOLUME = {151},
      YEAR = {2015},
    NUMBER = {2},
     PAGES = {351--376},
      ISSN = {0010-437X},
   MRCLASS = {32Q15 (14D07 14E20 14F35 32Q30)},
  MRNUMBER = {3314830},
MRREVIEWER = {Andr\'{e} Oliveira},
       DOI = {10.1112/S0010437X14007751},
       URL = {https://doi.org/10.1112/S0010437X14007751},
}
@article {CHP16,
    AUTHOR = {Campana, Fr\'{e}d\'{e}ric and H\"{o}ring, Andreas and Peternell, Thomas},
     TITLE = {Abundance for {K}\"{a}hler threefolds},
   JOURNAL = {Ann. Sci. \'{E}c. Norm. Sup\'{e}r. (4)},
  FJOURNAL = {Annales Scientifiques de l'\'{E}cole Normale Sup\'{e}rieure. Quatri\`eme
              S\'{e}rie},
    VOLUME = {49},
      YEAR = {2016},
    NUMBER = {4},
     PAGES = {971--1025},
      ISSN = {0012-9593},
   MRCLASS = {14E30 (14J30 32J17 32Q15)},
  MRNUMBER = {3552019},
MRREVIEWER = {Atsushi Moriwaki},
       DOI = {10.24033/asens.2301},
       URL = {https://doi.org/10.24033/asens.2301},
}
@article {CP91,
    AUTHOR = {Campana, Fr\'{e}d\'{e}ric and Peternell, Thomas},
     TITLE = {Projective manifolds whose tangent bundles are numerically
              effective},
   JOURNAL = {Math. Ann.},
  FJOURNAL = {Mathematische Annalen},
    VOLUME = {289},
      YEAR = {1991},
    NUMBER = {1},
     PAGES = {169--187},
      ISSN = {0025-5831},
   MRCLASS = {14J30 (14E20)},
  MRNUMBER = {1087244},
MRREVIEWER = {I. Dolgachev},
       DOI = {10.1007/BF01446566},
       URL = {https://doi.org/10.1007/BF01446566},
}
@article {CP11,
    AUTHOR = {Campana, Fr\'{e}d\'{e}ric and Peternell, Thomas},
     TITLE = {Geometric stability of the cotangent bundle and the universal
              cover of a projective manifold},
      NOTE = {With an appendix by Matei Toma},
   JOURNAL = {Bull. Soc. Math. France},
  FJOURNAL = {Bulletin de la Soci\'{e}t\'{e} Math\'{e}matique de France},
    VOLUME = {139},
      YEAR = {2011},
    NUMBER = {1},
     PAGES = {41--74},
      ISSN = {0037-9484},
   MRCLASS = {14E30 (14J60 32J27 32Q26)},
  MRNUMBER = {2815027},
MRREVIEWER = {Jaros\l aw A. Wi\'{s}niewski},
       DOI = {10.24033/bsmf.2599},
       URL = {https://doi.org/10.24033/bsmf.2599},
}

@Article{CP15,
    Author = {Campana, Fr{\'e}d{\'e}ric and P{\u{a}}un, Mihai},
    Title = {Orbifold generic semi-positivity: an application to families of canonically polarized manifolds},
    FJournal = {Annales de l'Institut Fourier},
    Journal = {Ann. Inst. Fourier},
    ISSN = {0373-0956},
    Volume = {65},
    Number = {2},
    Pages = {835--861},
    Year = {2015},
    Language = {English},
    DOI = {10.5802/aif.2945},
    Keywords = {14D05,14D22,14E22,14E30,14J40,32J25},
    zbMATH = {6496595},
    Zbl = {1338.14012}
}

@article {CP19,
    AUTHOR = {Campana, Fr\'{e}d\'{e}ric and P\u{a}un, Mihai},
     TITLE = {Foliations with positive slopes and birational stability of
              orbifold cotangent bundles},
   JOURNAL = {Publ. Math. Inst. Hautes \'{E}tudes Sci.},
  FJOURNAL = {Publications Math\'{e}matiques. Institut de Hautes \'{E}tudes
              Scientifiques},
    VOLUME = {129},
      YEAR = {2019},
     PAGES = {1--49},
      ISSN = {0073-8301},
   MRCLASS = {37F75 (14E30 14M22 32S65)},
  MRNUMBER = {3949026},
MRREVIEWER = {Carla Novelli},
       DOI = {10.1007/s10240-019-00105-w},
       URL = {https://doi.org/10.1007/s10240-019-00105-w},
}

@article {CKP12,
    AUTHOR = {Campana, Fr\'{e}d\'{e}ric and Koziarz, Vincent and P\u{a}un,
              Mihai},
     TITLE = {Numerical character of the effectivity of adjoint line
              bundles},
   JOURNAL = {Ann. Inst. Fourier (Grenoble)},
  FJOURNAL = {Universit\'{e} de Grenoble. Annales de l'Institut Fourier},
    VOLUME = {62},
      YEAR = {2012},
    NUMBER = {1},
     PAGES = {107--119},
      ISSN = {0373-0956,1777-5310},
   MRCLASS = {14E30},
  MRNUMBER = {2986267},
MRREVIEWER = {James\ McKernan},
       URL = {http://aif.cedram.org/item?id=AIF_2012__62_1_107_0},
}

@misc{Cao13,
      title={A remark on compact {K}\"ahler manifolds with nef anticanonical bundles and its applications}, 
      author={Junyan Cao},
      year={2013},
      note = {Preprint. arXiv:1305.4397},
}

@article {Cao19,
    AUTHOR = {Cao, Junyan},
     TITLE = {Albanese maps of projective manifolds with nef anticanonical
              bundles},
   JOURNAL = {Ann. Sci. \'{E}c. Norm. Sup\'{e}r. (4)},
  FJOURNAL = {Annales Scientifiques de l'\'{E}cole Normale Sup\'{e}rieure. Quatri\`eme
              S\'{e}rie},
    VOLUME = {52},
      YEAR = {2019},
    NUMBER = {5},
     PAGES = {1137--1154},
      ISSN = {0012-9593},
   MRCLASS = {14C20 (14E30)},
  MRNUMBER = {4057779},
MRREVIEWER = {Haidong Liu},
       DOI = {10.24033/asens.2405},
       URL = {https://doi.org/10.24033/asens.2405},
}

@article {CDM17,
    AUTHOR = {Cao, JunYan and Demailly, Jean-Pierre and Matsumura,
              Shin-ichi},
     TITLE = {A general extension theorem for cohomology classes on non
              reduced analytic subspaces},
   JOURNAL = {Sci. China Math.},
  FJOURNAL = {Science China. Mathematics},
    VOLUME = {60},
      YEAR = {2017},
    NUMBER = {6},
     PAGES = {949--962},
      ISSN = {1674-7283},
   MRCLASS = {32L10 (32E05)},
  MRNUMBER = {3647124},
MRREVIEWER = {Eduardo S. Zeron},
       DOI = {10.1007/s11425-017-9066-0},
       URL = {https://doi.org/10.1007/s11425-017-9066-0},
}
@article {CP17,
    AUTHOR = {Cao, Junyan and P\u{a}un, Mihai},
     TITLE = {Kodaira dimension of algebraic fiber spaces over abelian
              varieties},
   JOURNAL = {Invent. Math.},
  FJOURNAL = {Inventiones Mathematicae},
    VOLUME = {207},
      YEAR = {2017},
    NUMBER = {1},
     PAGES = {345--387},
      ISSN = {0020-9910},
   MRCLASS = {14E30 (14K05)},
  MRNUMBER = {3592759},
MRREVIEWER = {Lei Zhang},
       DOI = {10.1007/s00222-016-0672-6},
       URL = {https://doi.org/10.1007/s00222-016-0672-6},
}





@article {CH19,
    AUTHOR = {Cao, Junyan and H\"{o}ring, Andreas},
     TITLE = {A decomposition theorem for projective manifolds with nef
              anticanonical bundle},
   JOURNAL = {J. Algebraic Geom.},
  FJOURNAL = {Journal of Algebraic Geometry},
    VOLUME = {28},
      YEAR = {2019},
    NUMBER = {3},
     PAGES = {567--597},
      ISSN = {1056-3911},
   MRCLASS = {14E20 (14D06 14J32 14J45 14M22)},
  MRNUMBER = {3959071},
MRREVIEWER = {Yu-Chao Tu},
       DOI = {10.1090/jag/715},
       URL = {https://doi.org/10.1090/jag/715},
}

@article {CH20,
    AUTHOR = {Cao, Junyan and H\"oring, Andreas},
     TITLE = {Rational curves on compact {K}\"ahler manifolds},
   JOURNAL = {J. Differential Geom.},
  FJOURNAL = {Journal of Differential Geometry},
    VOLUME = {114},
      YEAR = {2020},
    NUMBER = {1},
     PAGES = {1--39},
      ISSN = {0022-040X,1945-743X},
   MRCLASS = {32Q15 (14E30)},
  MRNUMBER = {4047551},
MRREVIEWER = {G.\ K.\ Sankaran},
       DOI = {10.4310/jdg/1577502017},
       URL = {https://doi.org/10.4310/jdg/1577502017},
}

@article{CH22, 
    author= {Cao, Junyan and H\"{o}ring, Andreas}, 
    title={Frobenius integrability of certain p-forms on singular spaces}, 
    note={Preprint arXiv:2210.02758  to appear in Comptes Rendus Math\'{e}matique, special volume in memory of Jean-Pierre Demailly},
}

@article {CO75,
    AUTHOR = {Chen, Bang-yen and Ogiue, Koichi},
     TITLE = {Some characterizations of complex space forms in terms of
              {C}hern classes},
   JOURNAL = {Quart. J. Math. Oxford Ser. (2)},
  FJOURNAL = {The Quarterly Journal of Mathematics. Oxford. Second Series},
    VOLUME = {26},
      YEAR = {1975},
    NUMBER = {104},
     PAGES = {459--464},
      ISSN = {0033-5606,1464-3847},
   MRCLASS = {53C55 (32C10)},
  MRNUMBER = {405303},
MRREVIEWER = {S.\ Ramanan},
       DOI = {10.1093/qmath/26.1.459},
       URL = {https://doi.org/10.1093/qmath/26.1.459},
}

@misc{CW21, 
    author={Xuemiao Chen and Richard A. Wentworth}, 
    title={The nonabelian Hodge correspondence for balanced hermitian metrics of Hodge-Riemann type} ,
    year={2021},
    note={Preprint. arXiv:2106.09133},
}    

@misc{Chen22, 
    author={Xuemiao, Chen}, 
    title={Admissible Hermitian-Yang-Mills connections over normal varieties}, 
    year={2022},
    note={Preprint. arXiv:2205.12305},
}    

@incollection {CMSB02,
    AUTHOR = {Cho, Koji and Miyaoka, Yoichi and Shepherd-Barron, N. I.},
     TITLE = {Characterizations of projective space and applications to
              complex symplectic manifolds},
 BOOKTITLE = {Higher dimensional birational geometry ({K}yoto, 1997)},
    SERIES = {Adv. Stud. Pure Math.},
    VOLUME = {35},
     PAGES = {1--88},
 PUBLISHER = {Math. Soc. Japan, Tokyo},
      YEAR = {2002},
   MRCLASS = {14M20 (14E05)},
  MRNUMBER = {1929792},
MRREVIEWER = {S\'{a}ndor J. Kov\'{a}cs},
       DOI = {10.2969/aspm/03510001},
       URL = {https://doi.org/10.2969/aspm/03510001},
}GenericpositivityandapplicGenericpositivityandapplic



@article {CGG23,
    AUTHOR = {Claudon, Beno\^it and Graf, Patrick and Guenancia, Henri},
     TITLE = {Equality in the {M}iyaoka-{Y}au inequality and uniformization
              of non-positively curved klt pairs},
   JOURNAL = {C. R. Math. Acad. Sci. Paris},
  FJOURNAL = {Comptes Rendus Math\'ematique. Acad\'emie des Sciences. Paris},
    VOLUME = {362},
      YEAR = {2024},
     PAGES = {55--81}
}

@misc{CH24, 
    author={Claudon, Beno\^{i}t and H\"{o}ring, Andreas}, 
    title={Projectivity criteria for Kähler morphisms}, 
    year={2024},
    note={Preprint. arXiv:2404.13927.}
    },

@incollection {CKT21,
    AUTHOR = {Claudon, Beno\^{i}t and Kebekus, Stefan and Taji, Behrouz},
     TITLE = {Generic positivity and applications to hyperbolicity of moduli
              spaces},
 BOOKTITLE = {Hyperbolicity properties of algebraic varieties},
    SERIES = {Panor. Synth\`eses},
    VOLUME = {56},
     PAGES = {169--208},
 PUBLISHER = {Soc. Math. France, Paris},
      YEAR = {2021},
   MRCLASS = {14E30 (14C20 14D05 14J10 32Q26 32Q45)},
  MRNUMBER = {4457669},
}
@book {Deb01,
    AUTHOR = {Debarre, Olivier},
     TITLE = {Higher-dimensional algebraic geometry},
    SERIES = {Universitext},
 PUBLISHER = {Springer-Verlag, New York},
      YEAR = {2001},
     PAGES = {xiv+233},
      ISBN = {0-387-95227-6},
   MRCLASS = {14-02 (14E30 14Jxx)},
  MRNUMBER = {1841091},
MRREVIEWER = {Mark Gross},
       DOI = {10.1007/978-1-4757-5406-3},
       URL = {https://doi.org/10.1007/978-1-4757-5406-3},
}

@article {DPS93,
    AUTHOR = {Demailly, Jean-Pierre and Peternell, Thomas and Schneider,
              Michael},
     TITLE = {K\"ahler manifolds with numerically effective {R}icci class},
   JOURNAL = {Compositio Math.},
  FJOURNAL = {Compositio Mathematica},
    VOLUME = {89},
      YEAR = {1993},
    NUMBER = {2},
     PAGES = {217--240},
      ISSN = {0010-437X,1570-5846},
   MRCLASS = {32J27 (14J40 32C17 53C55)},
  MRNUMBER = {1255695},
MRREVIEWER = {Antonella\ Nannicini},
       URL = {http://www.numdam.org/item?id=CM_1993__89_2_217_0},
}

@article {DPS94,
    AUTHOR = {Demailly, Jean-Pierre and Peternell, Thomas and Schneider,
              Michael},
     TITLE = {Compact complex manifolds with numerically effective tangent
              bundles},
   JOURNAL = {J. Algebraic Geom.},
  FJOURNAL = {Journal of Algebraic Geometry},
    VOLUME = {3},
      YEAR = {1994},
    NUMBER = {2},
     PAGES = {295--345},
      ISSN = {1056-3911},
   MRCLASS = {32J27 (14J45 32L07)},
  MRNUMBER = {1257325},
MRREVIEWER = {Yoichi Miyaoka},
}

@article {Dem96,
    AUTHOR = {Demailly, Jean-Pierre},
     TITLE = {Effective bounds for very ample line bundles},
   JOURNAL = {Invent. Math.},
  FJOURNAL = {Inventiones Mathematicae},
    VOLUME = {124},
      YEAR = {1996},
    NUMBER = {1-3},
     PAGES = {243--261},
      ISSN = {0020-9910,1432-1297},
   MRCLASS = {32L10 (14C20 32J25)},
  MRNUMBER = {1369417},
MRREVIEWER = {Thierry\ Bouche},
       DOI = {10.1007/s002220050052},
       URL = {https://doi.org/10.1007/s002220050052},
}

@article {DPS01,
    AUTHOR = {Demailly, Jean-Pierre and Peternell, Thomas and Schneider,
              Michael},
     TITLE = {Pseudo-effective line bundles on compact {K}\"{a}hler manifolds},
   JOURNAL = {Internat. J. Math.},
  FJOURNAL = {International Journal of Mathematics},
    VOLUME = {12},
      YEAR = {2001},
    NUMBER = {6},
     PAGES = {689--741},
      ISSN = {0129-167X},
   MRCLASS = {32J27 (32Q15 32Q57)},
  MRNUMBER = {1875649},
MRREVIEWER = {Christophe Mourougane},
       DOI = {10.1142/S0129167X01000861},
       URL = {https://doi.org/10.1142/S0129167X01000861},
}
@incollection {Dem02,
    AUTHOR = {Demailly, Jean-Pierre},
     TITLE = {On the {F}robenius integrability of certain holomorphic
              {$p$}-forms},
 BOOKTITLE = {Complex geometry ({G}\"{o}ttingen, 2000)},
     PAGES = {93--98},
 PUBLISHER = {Springer, Berlin},
      YEAR = {2002},
   MRCLASS = {32Q15 (32J27)},
  MRNUMBER = {1922099},
MRREVIEWER = {Stefan Kebekus},
}
@book {Dem12,
    AUTHOR = {Demailly, Jean-Pierre},
     TITLE = {Analytic methods in algebraic geometry},
    SERIES = {Surveys of Modern Mathematics},
    VOLUME = {1},
 PUBLISHER = {International Press, Somerville, MA; Higher Education Press,
              Beijing},
      YEAR = {2012},
     PAGES = {viii+231},
      ISBN = {978-1-57146-234-3},
   MRCLASS = {32-02 (14C30 14F18 32J25 32Q15 32U40)},
  MRNUMBER = {2978333},
MRREVIEWER = {Valentino Tosatti},
}

@article {DHP13,
    AUTHOR = {Demailly, Jean-Pierre and Hacon, Christopher D. and P\u aun,
              Mihai},
     TITLE = {Extension theorems, non-vanishing and the existence of good
              minimal models},
   JOURNAL = {Acta Math.},
  FJOURNAL = {Acta Mathematica},
    VOLUME = {210},
      YEAR = {2013},
    NUMBER = {2},
     PAGES = {203--259},
      ISSN = {0001-5962,1871-2509},
   MRCLASS = {14E30},
  MRNUMBER = {3070567},
MRREVIEWER = {Vladimir\ Lazi\'c},
       DOI = {10.1007/s11511-013-0094-x},
       URL = {https://doi.org/10.1007/s11511-013-0094-x},
}

@article {Deng21,
    AUTHOR = {Deng, Ya},
     TITLE = {Applications of the {O}hsawa-{T}akegoshi extension theorem to
              direct image problems},
   JOURNAL = {Int. Math. Res. Not. IMRN},
  FJOURNAL = {International Mathematics Research Notices. IMRN},
      YEAR = {2021},
    NUMBER = {23},
     PAGES = {17611--17633},
      ISSN = {1073-7928,1687-0247},
   MRCLASS = {14C20},
  MRNUMBER = {4349215},
MRREVIEWER = {Halszka\ Tutaj-Gasi\'nska},
       DOI = {10.1093/imrn/rnaa018},
       URL = {https://doi.org/10.1093/imrn/rnaa018},
}

@misc{Deng20,
      title={A characterization of complex quasi-projective manifolds uniformized by unit balls}, 
      author={Ya Deng},
      year={2021},
      note = {Preprint},
}
@article {Dru17a,
    AUTHOR = {Druel, St\'{e}phane},
     TITLE = {Some remarks on regular foliations with numerically trivial
              canonical class},
   JOURNAL = {\'{E}pijournal G\'{e}om. Alg\'{e}brique},
  FJOURNAL = {\'{E}pijournal de G\'{e}om\'{e}trie Alg\'{e}brique. EPIGA},
    VOLUME = {1},
      YEAR = {2017},
     PAGES = {Art. 4, 20},
   MRCLASS = {37F75},
  MRNUMBER = {3743107},
MRREVIEWER = {Viet-Anh Nguyen},
       DOI = {10.46298/epiga.2017.volume1.2057},
       URL = {https://doi.org/10.46298/epiga.2017.volume1.2057},
}
@article {Dru17b,
    AUTHOR = {Druel, St\'{e}phane},
     TITLE = {On foliations with nef anti-canonical bundle},
   JOURNAL = {Trans. Amer. Math. Soc.},
  FJOURNAL = {Transactions of the American Mathematical Society},
    VOLUME = {369},
      YEAR = {2017},
    NUMBER = {11},
     PAGES = {7765--7787},
      ISSN = {0002-9947},
   MRCLASS = {37F75 (14F05 32L05)},
  MRNUMBER = {3695844},
MRREVIEWER = {Dmitry Kerner},
       DOI = {10.1090/tran/6873},
       URL = {https://doi.org/10.1090/tran/6873},
}
@article {Dru18,
    AUTHOR = {Druel, St\'{e}phane},
     TITLE = {A decomposition theorem for singular spaces with trivial
              canonical class of dimension at most five},
   JOURNAL = {Invent. Math.},
  FJOURNAL = {Inventiones Mathematicae},
    VOLUME = {211},
      YEAR = {2018},
    NUMBER = {1},
     PAGES = {245--296},
      ISSN = {0020-9910},
   MRCLASS = {14E30 (14J32 32C99 37F75)},
  MRNUMBER = {3742759},
MRREVIEWER = {Paul A. Hacking},
       DOI = {10.1007/s00222-017-0748-y},
       URL = {https://doi.org/10.1007/s00222-017-0748-y},
}
@article {Dru21,
    AUTHOR = {Druel, St\'{e}phane},
     TITLE = {Codimension 1 foliations with numerically trivial canonical
              class on singular spaces},
   JOURNAL = {Duke Math. J.},
  FJOURNAL = {Duke Mathematical Journal},
    VOLUME = {170},
      YEAR = {2021},
    NUMBER = {1},
     PAGES = {95--203},
      ISSN = {0012-7094},
   MRCLASS = {37F75 (14B05)},
  MRNUMBER = {4194898},
MRREVIEWER = {F. Touzet},
       DOI = {10.1215/00127094-2020-0041},
       URL = {https://doi.org/10.1215/00127094-2020-0041},
}

@misc{Dru21a,
      title={Projectively flat log smooth pairs}, 
      author={Druel, St\'{e}phane},
      year={2021},
      note={Preprint arXiv:2112.05449, to appear in Ann. Fac. Sci. Toulouse Math.},
}

@Article{DGP20,
 Author = {Druel, St{\'e}phane and Guenancia, Henri and P{\u{a}}un, Mihai},
 Title = {A decomposition theorem for {{\(\mathbb{Q}\)}}-{Fano} {K{\"a}hler}-{Einstein} varieties},
 FJournal = {Comptes Rendus. Math{\'e}matique. Acad{\'e}mie des Sciences, Paris},
 Journal = {C. R., Math., Acad. Sci. Paris},
 ISSN = {1631-073X},
 Volume = {362},
 Number = {S1},
 Pages = {93--118},
 Year = {2024},
 Language = {English},
 DOI = {10.5802/crmath.612},
 Keywords = {14B05,14J45,32Q20,37F75},
 zbMATH = {7863256},
 Zbl = {1546.14006}
}



@article {DLB20,
    AUTHOR = {Druel, St\'{e}phane and Bianco, Federico Lo},
     TITLE = {Numerical characterization of some toric fiber bundles},
   JOURNAL = {Math. Z.},
  FJOURNAL = {Mathematische Zeitschrift},
    VOLUME = {300},
      YEAR = {2022},
    NUMBER = {4},
     PAGES = {3357--3382},
      ISSN = {0025-5874},
   MRCLASS = {14M99 (14C20 14D06 14J60)},
  MRNUMBER = {4395095},
       DOI = {10.1007/s00209-021-02760-4},
       URL = {https://doi.org/10.1007/s00209-021-02760-4},
}

@misc{DPPT24, 
    author= {Druel, St\'ephane and Pereira, Jorge Vit\'orio and Pym, Brent
              and Touzet, Fr\'ed\'eric}, 
    title={Numerically flat foliations and holomorphic Poisson geometry.}, 
    year={2024},
    note={Preprint arXiv:2411.08806},
}

@incollection {Eno88,
    AUTHOR = {Enoki, Ichiro},
     TITLE = {Stability and negativity for tangent sheaves of minimal
              {K}\"ahler spaces},
 BOOKTITLE = {Geometry and analysis on manifolds ({K}atata/{K}yoto, 1987)},
    SERIES = {Lecture Notes in Math.},
    VOLUME = {1339},
     PAGES = {118--126},
 PUBLISHER = {Springer, Berlin},
      YEAR = {1988},
      ISBN = {3-540-50113-4},
   MRCLASS = {32L10 (32J25 32L15)},
  MRNUMBER = {961477},
MRREVIEWER = {Daniel\ Barlet},
       DOI = {10.1007/BFb0083051},
       URL = {https://doi.org/10.1007/BFb0083051},
}

@misc{EFI23, 
    author= {Ejiri, Sho and Fujino, Osamu and Iwai,  Masataka}, 
    title={Positivity of extensions of vector bundles}, 
    year={2023},
    note={Preprint arXiv:2307.05022},
}


@book {EV92,
    AUTHOR = {Esnault, H\'{e}l\`ene and Viehweg, Eckart},
     TITLE = {Lectures on vanishing theorems},
    SERIES = {DMV Seminar},
    VOLUME = {20},
 PUBLISHER = {Birkh\"{a}user Verlag, Basel},
      YEAR = {1992},
     PAGES = {vi+164},
      ISBN = {3-7643-2822-3},
   MRCLASS = {14F17 (14F40 32L10 32L20)},
  MRNUMBER = {1193913},
MRREVIEWER = {Marko Roczen},
       DOI = {10.1007/978-3-0348-8600-0},
       URL = {https://doi.org/10.1007/978-3-0348-8600-0},
}

@article {Fle84,
    AUTHOR = {Flenner, Hubert},
     TITLE = {Restrictions of semistable bundles on projective varieties},
   JOURNAL = {Comment. Math. Helv.},
  FJOURNAL = {Commentarii Mathematici Helvetici},
    VOLUME = {59},
      YEAR = {1984},
    NUMBER = {4},
     PAGES = {635--650},
      ISSN = {0010-2571,1420-8946},
   MRCLASS = {14F05 (32C35)},
  MRNUMBER = {780080},
MRREVIEWER = {H.\ Lange},
       DOI = {10.1007/BF02566370},
       URL = {https://doi.org/10.1007/BF02566370},
}

@article {FM21,
    AUTHOR = {Fulger, Mihai and Murayama, Takumi},
     TITLE = {Seshadri constants for vector bundles},
   JOURNAL = {J. Pure Appl. Algebra},
  FJOURNAL = {Journal of Pure and Applied Algebra},
    VOLUME = {225},
      YEAR = {2021},
    NUMBER = {4},
     PAGES = {Paper No. 106559, 35},
      ISSN = {0022-4049,1873-1376},
   MRCLASS = {14C20 (14C17 14F06 14J60)},
  MRNUMBER = {4158762},
MRREVIEWER = {Krishna\ Hanumanthu},
       DOI = {10.1016/j.jpaa.2020.106559},
       URL = {https://doi.org/10.1016/j.jpaa.2020.106559},
}

@article {FG12,
    AUTHOR = {Fujino, Osamu and Gongyo, Yoshinori},
     TITLE = {On canonical bundle formulas and subadjunctions},
   JOURNAL = {Michigan Math. J.},
  FJOURNAL = {Michigan Mathematical Journal},
    VOLUME = {61},
      YEAR = {2012},
    NUMBER = {2},
     PAGES = {255--264},
      ISSN = {0026-2285},
   MRCLASS = {14C20 (14B05)},
  MRNUMBER = {2944479},
MRREVIEWER = {C\'{\i}cero Carvalho},
       DOI = {10.1307/mmj/1339011526},
       URL = {https://doi.org/10.1307/mmj/1339011526},
}

@incollection {Fuj10,
    AUTHOR = {Fujino, Osamu},
     TITLE = {On {K}awamata's theorem},
 BOOKTITLE = {Classification of algebraic varieties},
    SERIES = {EMS Ser. Congr. Rep.},
     PAGES = {305--315},
 PUBLISHER = {Eur. Math. Soc., Z\"{u}rich},
      YEAR = {2011},
      ISBN = {978-3-03719-007-4},
   MRCLASS = {14C20 (14E30)},
  MRNUMBER = {2779478},
MRREVIEWER = {Carlos\ Galindo},
       DOI = {10.4171/007-1/14},
       URL = {https://doi.org/10.4171/007-1/14},
}

@book {Fuj20,
    AUTHOR = {Fujino, Osamu},
     TITLE = {Iitaka conjecture---an introduction},
    SERIES = {SpringerBriefs in Mathematics},
 PUBLISHER = {Springer, Singapore},
      YEAR = {[2020] \copyright 2020},
     PAGES = {xiv+128},
      ISBN = {978-981-15-3347-1; 978-981-15-3346-4},
   MRCLASS = {14E30 (14D06)},
  MRNUMBER = {4177797},
MRREVIEWER = {Julien Keller},
       DOI = {10.1007/978-981-15-3347-1},
       URL = {https://doi.org/10.1007/978-981-15-3347-1},
}

@misc{FujSur, 
    author={Fujino, Osamu}, 
    title={Problems on the theory of minimal models}, 
    year={2022},
    note={Preprint. Available at \url{https://www.kurims.kyoto-u.ac.jp/~kyodo/kokyuroku/contents/pdf/2211-18.pdf}},
}    


@misc{FS24, 
    author={Fujino, Osamu and Gongyo, Yoshinori}, 
    title={On toric foliated pairs}, 
    year={2024},
    note={Preprint. arXiv:2410.17009},
}    


@article {FKL16,
    AUTHOR = {Fulger, Mihai and Koll\'{a}r, J\'{a}nos and Lehmann, Brian},
     TITLE = {Volume and {H}ilbert function of {$\mathbb{R}$}-divisors},
   JOURNAL = {Michigan Math. J.},
  FJOURNAL = {Michigan Mathematical Journal},
    VOLUME = {65},
      YEAR = {2016},
    NUMBER = {2},
     PAGES = {371--387},
      ISSN = {0026-2285},
   MRCLASS = {14C20},
  MRNUMBER = {3510912},
MRREVIEWER = {Montserrat Teixidor i Bigas},
       DOI = {10.1307/mmj/1465329018},
       URL = {https://doi.org/10.1307/mmj/1465329018},
}
@book {Ful93,
    AUTHOR = {Fulton, William},
     TITLE = {Intersection theory},
    SERIES = {Ergebnisse der Mathematik und ihrer Grenzgebiete (3) [Results
              in Mathematics and Related Areas (3)]},
    VOLUME = {2},
 PUBLISHER = {Springer-Verlag, Berlin},
      YEAR = {1984},
     PAGES = {xi+470},
      ISBN = {3-540-12176-5},
   MRCLASS = {14C17 (14-02 14C40)},
  MRNUMBER = {732620},
MRREVIEWER = {Werner Kleinert},
       DOI = {10.1007/978-3-662-02421-8},
       URL = {https://doi.org/10.1007/978-3-662-02421-8},
}
@article {Gac20,
    AUTHOR = {Gachet, C\'{e}cile},
     TITLE = {Positivity of the cotangent sheaf of singular {C}alabi-{Y}au
              varieties},
   JOURNAL = {Math. Res. Lett.},
  FJOURNAL = {Mathematical Research Letters},
    VOLUME = {29},
      YEAR = {2022},
    NUMBER = {2},
     PAGES = {339--371},
      ISSN = {1073-2780},
   MRCLASS = {14C20 (14E30 14J32 14J42)},
  MRNUMBER = {4492220},
}

@misc{GonSur, 
    author={Yoshinori, Gongyo}, 
    title={極小モデル理論と拡張定理}, 
    year={2016},
    note={Preprint. Available at \url{https://www.mathsoc.jp/section/algebra/algsymp_past/algsymp16_files/algebraic-geometry/3-gongyo.pdf}},
}    

@book {GM88,
    AUTHOR = {Goresky, Mark and MacPherson, Robert},
     TITLE = {Stratified {M}orse theory},
    SERIES = {Ergebnisse der Mathematik und ihrer Grenzgebiete (3) [Results
              in Mathematics and Related Areas (3)]},
    VOLUME = {14},
 PUBLISHER = {Springer-Verlag, Berlin},
      YEAR = {1988},
     PAGES = {xiv+272},
      ISBN = {3-540-17300-5},
   MRCLASS = {57R70 (14F45 32C10 32C42 57N80 58A35 58C27)},
  MRNUMBER = {932724},
MRREVIEWER = {K.\ Lamotke},
       DOI = {10.1007/978-3-642-71714-7},
       URL = {https://doi.org/10.1007/978-3-642-71714-7},
}

@article {GHS03,
    AUTHOR = {Graber, Tom and Harris, Joe and Starr, Jason},
     TITLE = {Families of rationally connected varieties},
   JOURNAL = {J. Amer. Math. Soc.},
  FJOURNAL = {Journal of the American Mathematical Society},
    VOLUME = {16},
      YEAR = {2003},
    NUMBER = {1},
     PAGES = {57--67},
      ISSN = {0894-0347},
   MRCLASS = {14M20 (14D05 14D22)},
  MRNUMBER = {1937199},
MRREVIEWER = {Alexandr V. Pukhlikov},
       DOI = {10.1090/S0894-0347-02-00402-2},
       URL = {https://doi.org/10.1090/S0894-0347-02-00402-2},
}
@article {GGK19,
    AUTHOR = {Greb, Daniel and Guenancia, Henri and Kebekus, Stefan},
     TITLE = {Klt varieties with trivial canonical class: holonomy,
              differential forms, and fundamental groups},
   JOURNAL = {Geom. Topol.},
  FJOURNAL = {Geometry \& Topology},
    VOLUME = {23},
      YEAR = {2019},
    NUMBER = {4},
     PAGES = {2051--2124},
      ISSN = {1465-3060},
   MRCLASS = {14E30 (14J32 32J27)},
  MRNUMBER = {3988092},
MRREVIEWER = {Sho Tanimoto},
       DOI = {10.2140/gt.2019.23.2051},
       URL = {https://doi.org/10.2140/gt.2019.23.2051},
}
@article {GKK10,
    AUTHOR = {Greb, Daniel and Kebekus, Stefan and Kov\'{a}cs, S\'{a}ndor J.},
     TITLE = {Extension theorems for differential forms and
              {B}ogomolov-{S}ommese vanishing on log canonical varieties},
   JOURNAL = {Compos. Math.},
  FJOURNAL = {Compositio Mathematica},
    VOLUME = {146},
      YEAR = {2010},
    NUMBER = {1},
     PAGES = {193--219},
      ISSN = {0010-437X},
   MRCLASS = {14F17 (14J17)},
  MRNUMBER = {2581247},
MRREVIEWER = {Mirroslav Tzanov Yotov},
       DOI = {10.1112/S0010437X09004321},
       URL = {https://doi.org/10.1112/S0010437X09004321},
}
@article{GKKP11,
  title={Differential forms on log canonical spaces},
  author={Greb, Daniel and Kebekus, Stefan and Kov{\'a}cs, S{\'a}ndor J and Peternell, Thomas},
  journal={Publications math{\'e}matiques de l'IH{\'E}S},
  volume={114},
  number={1},
  pages={87--169},
  year={2011},
  publisher={Springer}
}
@article {GKP14,
    AUTHOR = {Greb, Daniel and Kebekus, Stefan and Peternell, Thomas},
     TITLE = {Reflexive differential forms on singular spaces. {G}eometry
              and cohomology},
   JOURNAL = {J. Reine Angew. Math.},
  FJOURNAL = {Journal f\"{u}r die Reine und Angewandte Mathematik. [Crelle's
              Journal]},
    VOLUME = {697},
      YEAR = {2014},
     PAGES = {57--89},
      ISSN = {0075-4102},
   MRCLASS = {14F10 (14C20 14E15 32C25)},
  MRNUMBER = {3281652},
MRREVIEWER = {Kelly Jabbusch},
       DOI = {10.1515/crelle-2012-0097},
       URL = {https://doi.org/10.1515/crelle-2012-0097},
}
@article {GKP16,
    AUTHOR = {Greb, Daniel and Kebekus, Stefan and Peternell, Thomas},
     TITLE = {\'{E}tale fundamental groups of {K}awamata log terminal spaces,
              flat sheaves, and quotients of abelian varieties},
   JOURNAL = {Duke Math. J.},
  FJOURNAL = {Duke Mathematical Journal},
    VOLUME = {165},
      YEAR = {2016},
    NUMBER = {10},
     PAGES = {1965--2004},
      ISSN = {0012-7094},
   MRCLASS = {14B25 (14B05 14E30 14J17)},
  MRNUMBER = {3522654},
MRREVIEWER = {James McKernan},
       DOI = {10.1215/00127094-3450859},
       URL = {https://doi.org/10.1215/00127094-3450859},
}
@article {GKP16a,
    AUTHOR = {Greb, Daniel and Kebekus, Stefan and Peternell, Thomas},
     TITLE = {Movable curves and semistable sheaves},
   JOURNAL = {Int. Math. Res. Not. IMRN},
  FJOURNAL = {International Mathematics Research Notices. IMRN},
      YEAR = {2016},
    VOLUME = {2016},
    NUMBER = {2},
     PAGES = {536--570},
      ISSN = {1073-7928,1687-0247},
   MRCLASS = {14F05 (14C17 14J60 14K05)},
  MRNUMBER = {3493425},
MRREVIEWER = {Nicolae\ Manolache},
       DOI = {10.1093/imrn/rnv126},
       URL = {https://doi.org/10.1093/imrn/rnv126},
}
@incollection {GKP16b,
    AUTHOR = {Greb, Daniel and Kebekus, Stefan and Peternell, Thomas},
     TITLE = {Singular spaces with trivial canonical class},
 BOOKTITLE = {Minimal models and extremal rays ({K}yoto, 2011)},
    SERIES = {Adv. Stud. Pure Math.},
    VOLUME = {70},
     PAGES = {67--113},
 PUBLISHER = {Math. Soc. Japan, [Tokyo]},
      YEAR = {2016},
   MRCLASS = {14J32 (14E30 32J27)},
  MRNUMBER = {3617779},
MRREVIEWER = {Julien Keller},
       DOI = {10.2969/aspm/07010067},
       URL = {https://doi.org/10.2969/aspm/07010067},
}

@incollection {GKT18,
    AUTHOR = {Greb, Daniel and Kebekus, Stefan and Taji, Behrouz},
     TITLE = {Uniformisation of higher-dimensional minimal varieties},
 BOOKTITLE = {Algebraic geometry: {S}alt {L}ake {C}ity 2015},
    SERIES = {Proc. Sympos. Pure Math.},
    VOLUME = {97},
     PAGES = {277--308},
 PUBLISHER = {Amer. Math. Soc., Providence, RI},
      YEAR = {2018},
   MRCLASS = {32Q30 (14E20 14E30 32Q26)},
  MRNUMBER = {3821153},
MRREVIEWER = {Yu-Chao Tu},
       DOI = {10.1090/pspum/097.1/01676},
       URL = {https://doi.org/10.1090/pspum/097.1/01676},
}
@article {GKPT19a,
    AUTHOR = {Greb, Daniel and Kebekus, Stefan and Peternell, Thomas and
              Taji, Behrouz},
     TITLE = {Harmonic metrics on {H}iggs sheaves and uniformization of
              varieties of general type},
   JOURNAL = {Math. Ann.},
  FJOURNAL = {Mathematische Annalen},
    VOLUME = {378},
      YEAR = {2020},
    NUMBER = {3-4},
     PAGES = {1061--1094},
      ISSN = {0025-5831},
   MRCLASS = {14E20 (14E30 32Q30 53C07)},
  MRNUMBER = {4163522},
MRREVIEWER = {Ana Bravo},
       DOI = {10.1007/s00208-019-01906-4},
       URL = {https://doi.org/10.1007/s00208-019-01906-4},
}
@article {GKPT20,
    AUTHOR = {Greb, Daniel and Kebekus, Stefan and Peternell, Thomas and
              Taji, Behrouz},
     TITLE = {Harmonic metrics on {H}iggs sheaves and uniformization of
              varieties of general type},
   JOURNAL = {Math. Ann.},
  FJOURNAL = {Mathematische Annalen},
    VOLUME = {378},
      YEAR = {2020},
    NUMBER = {3-4},
     PAGES = {1061--1094},
      ISSN = {0025-5831},
   MRCLASS = {14E20 (14E30 32Q30 53C07)},
  MRNUMBER = {4163522},
MRREVIEWER = {Ana Bravo},
       DOI = {10.1007/s00208-019-01906-4},
       URL = {https://doi.org/10.1007/s00208-019-01906-4},
}
@article {GKPT19b,
    AUTHOR = {Greb, Daniel and Kebekus, Stefan and Peternell, Thomas and
              Taji, Behrouz},
     TITLE = {The {M}iyaoka-{Y}au inequality and uniformisation of canonical
              models},
   JOURNAL = {Ann. Sci. \'{E}c. Norm. Sup\'{e}r. (4)},
  FJOURNAL = {Annales Scientifiques de l'\'{E}cole Normale Sup\'{e}rieure. Quatri\`eme
              S\'{e}rie},
    VOLUME = {52},
      YEAR = {2019},
    NUMBER = {6},
     PAGES = {1487--1535},
      ISSN = {0012-9593},
   MRCLASS = {14E30 (32Q30)},
  MRNUMBER = {4061021},
MRREVIEWER = {James McKernan},
       DOI = {10.24033/asens.2414},
       URL = {https://doi.org/10.24033/asens.2414},
}
@article {GKPT19c,
    AUTHOR = {Greb, Daniel and Kebekus, Stefan and Peternell, Thomas and
              Taji, Behrouz},
     TITLE = {Nonabelian {H}odge theory for klt spaces and descent theorems
              for vector bundles},
   JOURNAL = {Compos. Math.},
  FJOURNAL = {Compositio Mathematica},
    VOLUME = {155},
      YEAR = {2019},
    NUMBER = {2},
     PAGES = {289--323},
      ISSN = {0010-437X},
   MRCLASS = {14E30 (14C30 14D20 53C07)},
  MRNUMBER = {3910454},
MRREVIEWER = {Zhi Jiang},
       DOI = {10.1112/s0010437x18007923},
       URL = {https://doi.org/10.1112/s0010437x18007923},
}
@article {GKP21,
    AUTHOR = {Greb, Daniel and Kebekus, Stefan and Peternell, Thomas},
     TITLE = {Projectively flat klt varieties},
   JOURNAL = {J. \'{E}c. polytech. Math.},
  FJOURNAL = {Journal de l'\'{E}cole polytechnique. Math\'{e}matiques},
    VOLUME = {8},
      YEAR = {2021},
     PAGES = {1005--1036},
      ISSN = {2429-7100},
   MRCLASS = {14E30 (14E20 32Q26 32Q30 53B10)},
  MRNUMBER = {4263792},
MRREVIEWER = {James McKernan},
       DOI = {10.5802/jep.164},
       URL = {https://doi.org/10.5802/jep.164},
}
@article {GKP22,
    AUTHOR = {Greb, Daniel and Kebekus, Stefan and Peternell, Thomas},
     TITLE = {Projective flatness over klt spaces and uniformisation of
              varieties with nef anti-canonical divisor},
   JOURNAL = {J. Algebraic Geom.},
  FJOURNAL = {Journal of Algebraic Geometry},
    VOLUME = {31},
      YEAR = {2022},
    NUMBER = {3},
     PAGES = {467--496},
      ISSN = {1056-3911},
   MRCLASS = {14E30 (14F06)},
  MRNUMBER = {4484547},
MRREVIEWER = {Jie Liu},
       DOI = {10.1090/jag/785},
       URL = {https://doi.org/10.1090/jag/785},
}

@article {Gri70,
    AUTHOR = {Griffiths, Phillip A.},
     TITLE = {Periods of integrals on algebraic manifolds. {III}. {S}ome
              global differential-geometric properties of the period
              mapping},
   JOURNAL = {Inst. Hautes \'Etudes Sci. Publ. Math.},
  FJOURNAL = {Institut des Hautes \'Etudes Scientifiques. Publications
              Math\'ematiques},
    NUMBER = {38},
      YEAR = {1970},
     PAGES = {125--180},
      ISSN = {0073-8301,1618-1913},
   MRCLASS = {14.55},
  MRNUMBER = {282990},
MRREVIEWER = {A.\ H.\ Wallace},
       URL = {http://www.numdam.org/item?id=PMIHES_1970__38__125_0},
}

@article {Gue15,
    AUTHOR = {Guenancia, Henri},
     TITLE = {Semistability of the tangent sheaf of singular varieties},
   JOURNAL = {Algebr. Geom.},
  FJOURNAL = {Algebraic Geometry},
    VOLUME = {3},
      YEAR = {2016},
    NUMBER = {5},
     PAGES = {508--542},
}

@article {Gue20,
    AUTHOR = {Guenancia, Henri},
     TITLE = {Families of conic {K}\"ahler-{E}instein metrics},
   JOURNAL = {Math. Ann.},
  FJOURNAL = {Mathematische Annalen},
    VOLUME = {376},
      YEAR = {2020},
    NUMBER = {1-2},
     PAGES = {1--37},
      ISSN = {0025-5831,1432-1807},
   MRCLASS = {32Q20 (53C25 53C55)},
  MRNUMBER = {4055154},
MRREVIEWER = {Anoop\ Singh},
       DOI = {10.1007/s00208-018-1769-6},
       URL = {https://doi.org/10.1007/s00208-018-1769-6},
}

@article {GT22,
    AUTHOR = {Guenancia, Henri and Taji, Behrouz},
     TITLE = {Orbifold stability and {M}iyaoka-{Y}au inequality for minimal
              pairs},
   JOURNAL = {Geom. Topol.},
  FJOURNAL = {Geometry \& Topology},
    VOLUME = {26},
      YEAR = {2022},
    NUMBER = {4},
     PAGES = {1435--1482},
      ISSN = {1465-3060,1364-0380},
   MRCLASS = {14E20 (14C15 14C17 14E30 32Q20 32Q26 53C07)},
  MRNUMBER = {4504444},
       DOI = {10.2140/gt.2022.26.1435},
       URL = {https://doi.org/10.2140/gt.2022.26.1435},
}

@incollection {HPS18,
    AUTHOR = {Hacon, Christopher and Popa, Mihnea and Schnell, Christian},
     TITLE = {Algebraic fiber spaces over abelian varieties: around a recent
              theorem by {C}ao and {P}\u{a}un},
 BOOKTITLE = {Local and global methods in algebraic geometry},
    SERIES = {Contemp. Math.},
    VOLUME = {712},
     PAGES = {143--195},
 PUBLISHER = {Amer. Math. Soc., [Providence], RI},
      YEAR = {[2018] \copyright 2018},
   MRCLASS = {14E30 (14K05)},
  MRNUMBER = {3832403},
MRREVIEWER = {Kenta Hashizume},
       DOI = {10.1090/conm/712/14346},
       URL = {https://doi.org/10.1090/conm/712/14346},
}
@article {HM07,
    AUTHOR = {Hacon, Christopher D. and Mckernan, James},
     TITLE = {On {S}hokurov's rational connectedness conjecture},
   JOURNAL = {Duke Math. J.},
  FJOURNAL = {Duke Mathematical Journal},
    VOLUME = {138},
      YEAR = {2007},
    NUMBER = {1},
     PAGES = {119--136},
      ISSN = {0012-7094},
   MRCLASS = {14E30 (14E05 14J45)},
  MRNUMBER = {2309156},
MRREVIEWER = {Mihnea Popa},
       DOI = {10.1215/S0012-7094-07-13813-4},
       URL = {https://doi.org/10.1215/S0012-7094-07-13813-4},
}
@book {Har77,
    AUTHOR = {Hartshorne, Robin},
     TITLE = {Algebraic geometry},
    SERIES = {Graduate Texts in Mathematics, No. 52},
 PUBLISHER = {Springer-Verlag, New York-Heidelberg},
      YEAR = {1977},
     PAGES = {xvi+496},
      ISBN = {0-387-90244-9},
   MRCLASS = {14-01},
  MRNUMBER = {0463157},
MRREVIEWER = {Robert Speiser},
}

@article {Har80,
    AUTHOR = {Hartshorne, Robin},
     TITLE = {Stable reflexive sheaves},
   JOURNAL = {Math. Ann.},
  FJOURNAL = {Mathematische Annalen},
    VOLUME = {254},
      YEAR = {1980},
    NUMBER = {2},
     PAGES = {121--176},
      ISSN = {0025-5831,1432-1807},
   MRCLASS = {14F05 (14D22)},
  MRNUMBER = {597077},
MRREVIEWER = {Klaus\ Hulek},
       DOI = {10.1007/BF01467074},
       URL = {https://doi.org/10.1007/BF01467074},
}

@article {Has18,
    AUTHOR = {Hashizume, Kenta},
     TITLE = {On the non-vanishing conjecture and existence of log minimal
              models},
   JOURNAL = {Publ. Res. Inst. Math. Sci.},
  FJOURNAL = {Publications of the Research Institute for Mathematical
              Sciences},
    VOLUME = {54},
      YEAR = {2018},
    NUMBER = {1},
     PAGES = {89--104},
      ISSN = {0034-5318,1663-4926},
   MRCLASS = {14E30},
  MRNUMBER = {3749345},
MRREVIEWER = {Jinhyung\ Park},
       DOI = {10.4171/PRIMS/54-1-3},
       URL = {https://doi.org/10.4171/PRIMS/54-1-3},
}

@misc{Hisa24, 
    author={Tomoyuki Hisamoto}, 
    title={On the Miyaoka-Yau inequality for manifolds with nef anti-canonical line bundle}, 
    year={2024},
    note={Preprint. arXiv:2403.09120},
}    

@article {HIM22,
    AUTHOR = {Hosono, Genki and Iwai, Masataka and Matsumura, Shin-ichi},
     TITLE = {On projective manifolds with pseudo-effective tangent bundle},
   JOURNAL = {J. Inst. Math. Jussieu},
  FJOURNAL = {Journal of the Institute of Mathematics of Jussieu. JIMJ.
              Journal de l'Institut de Math\'{e}matiques de Jussieu},
    VOLUME = {21},
      YEAR = {2022},
    NUMBER = {5},
     PAGES = {1801--1830},
      ISSN = {1474-7480},
   MRCLASS = {32J25 (14J26 32L99 58A30)},
  MRNUMBER = {4476130},
       DOI = {10.1017/S1474748020000754},
       URL = {https://doi.org/10.1017/S1474748020000754},
}
@article {Hor07,
    AUTHOR = {H{\"o}ring, Andreas},
     TITLE = {Uniruled varieties with split tangent bundle},
   JOURNAL = {Math. Z.},
  FJOURNAL = {Mathematische Zeitschrift},
    VOLUME = {256},
      YEAR = {2007},
    NUMBER = {3},
     PAGES = {465--479},
      ISSN = {0025-5874},
   MRCLASS = {32J27 (32Q30)},
  MRNUMBER = {2299565},
MRREVIEWER = {M. G. Soares},
       DOI = {10.1007/s00209-006-0072-5},
       URL = {https://doi.org/10.1007/s00209-006-0072-5},
}
@article {Hor10,
    AUTHOR = {H\"{o}ring, Andreas},
     TITLE = {Positivity of direct image sheaves---a geometric point of
              view},
   JOURNAL = {Enseign. Math. (2)},
  FJOURNAL = {L'Enseignement Math\'{e}matique. Revue Internationale. 2e S\'{e}rie},
    VOLUME = {56},
      YEAR = {2010},
    NUMBER = {1-2},
     PAGES = {87--142},
      ISSN = {0013-8584},
   MRCLASS = {14D06 (14E30)},
  MRNUMBER = {2674856},
MRREVIEWER = {James McKernan},
       DOI = {10.4171/LEM/56-1-4},
       URL = {https://doi.org/10.4171/LEM/56-1-4},
}
@article {Hor17,
    AUTHOR = {H{\"o}ring, Andreas},
     TITLE = {Manifolds with nef cotangent bundle},
   JOURNAL = {Asian J. Math.},
  FJOURNAL = {Asian Journal of Mathematics},
    VOLUME = {17},
      YEAR = {2013},
    NUMBER = {3},
     PAGES = {561--568},
      ISSN = {1093-6106,1945-0036},
   MRCLASS = {14F10 (14D06 14E30 14J40 32J27)},
  MRNUMBER = {3119799},
MRREVIEWER = {Thomas\ Eckl},
       DOI = {10.4310/AJM.2013.v17.n3.a7},
       URL = {https://doi.org/10.4310/AJM.2013.v17.n3.a7},
}

@article {HPR11,
    AUTHOR = {H\"oring, Andreas and Peternell, Thomas and Radloff, Ivo},
     TITLE = {Uniformisation in dimension four: towards a conjecture of
              {I}itaka},
   JOURNAL = {Math. Z.},
  FJOURNAL = {Mathematische Zeitschrift},
    VOLUME = {274},
      YEAR = {2013},
    NUMBER = {1-2},
     PAGES = {483--497},
      ISSN = {0025-5874,1432-1823},
   MRCLASS = {32Q30 (14E30 32J27)},
  MRNUMBER = {3054340},
MRREVIEWER = {Thomas\ Eckl},
       DOI = {10.1007/s00209-012-1081-1},
       URL = {https://doi.org/10.1007/s00209-012-1081-1},
}

@article {HP19,
    AUTHOR = {H\"{o}ring, Andreas and Peternell, Thomas},
     TITLE = {Algebraic integrability of foliations with numerically trivial
              canonical bundle},
   JOURNAL = {Invent. Math.},
  FJOURNAL = {Inventiones Mathematicae},
    VOLUME = {216},
      YEAR = {2019},
    NUMBER = {2},
     PAGES = {395--419},
      ISSN = {0020-9910},
   MRCLASS = {14J30 (14J32 37F75)},
  MRNUMBER = {3953506},
MRREVIEWER = {James McKernan},
       DOI = {10.1007/s00222-018-00853-2},
       URL = {https://doi.org/10.1007/s00222-018-00853-2},
}
@misc{HP21, 
    author = {H{\"o}ring, Andreas and Peternell, Thomas},
    title={Stein complements in compact {K}\"ahler manifolds.}, 
    year={2021},
    note={Preprint arXiv:2111.03303 },
}

@article {HLS22,
    AUTHOR = {H\"{o}ring, Andreas and Liu, Jie and Shao, Feng},
     TITLE = {Examples of {F}ano manifolds with non-pseudoeffective tangent
              bundle},
   JOURNAL = {J. Lond. Math. Soc. (2)},
  FJOURNAL = {Journal of the London Mathematical Society. Second Series},
    VOLUME = {106},
      YEAR = {2022},
    NUMBER = {1},
     PAGES = {27--59},
      ISSN = {0024-6107},
   MRCLASS = {14J45 (14E30 14J40)},
  MRNUMBER = {4454484},
MRREVIEWER = {Enrica Floris},
       DOI = {10.1112/jlms.12567},
       URL = {https://doi.org/10.1112/jlms.12567},
}
@article {HS21,
    AUTHOR = {Hao, Feng and Schreieder, Stefan},
     TITLE = {Equality in the {B}ogomolov-{M}iyaoka-{Y}au inequality in the
              non-general type case},
   JOURNAL = {J. Reine Angew. Math.},
  FJOURNAL = {Journal f\"{u}r die Reine und Angewandte Mathematik. [Crelle's
              Journal]},
    VOLUME = {775},
      YEAR = {2021},
     PAGES = {87--115},
      ISSN = {0075-4102,1435-5345},
   MRCLASS = {14E30},
  MRNUMBER = {4265187},
MRREVIEWER = {Haidong\ Liu},
       DOI = {10.1515/crelle-2021-0008},
       URL = {https://doi.org/10.1515/crelle-2021-0008},
}

@article {Iwa20,
    AUTHOR = {Iwai, Masataka},
     TITLE = {On the global generation of direct images of pluri-adjoint
              line bundles},
   JOURNAL = {Math. Z.},
  FJOURNAL = {Mathematische Zeitschrift},
    VOLUME = {294},
      YEAR = {2020},
    NUMBER = {1-2},
     PAGES = {201--208},
      ISSN = {0025-5874,1432-1823},
   MRCLASS = {14C20},
  MRNUMBER = {4054811},
MRREVIEWER = {Piotr\ Pokora},
       DOI = {10.1007/s00209-019-02266-0},
       URL = {https://doi.org/10.1007/s00209-019-02266-0},
}

@article {Iwa22,
    AUTHOR = {Iwai, Masataka},
     TITLE = {Almost nef regular foliations and {F}ujita's decomposition of
              reflexive sheaves},
   JOURNAL = {Ann. Sc. Norm. Super. Pisa Cl. Sci. (5)},
  FJOURNAL = {Annali della Scuola Normale Superiore di Pisa. Classe di
              Scienze. Serie V},
    VOLUME = {23},
      YEAR = {2022},
    NUMBER = {2},
     PAGES = {719--743},
      ISSN = {0391-173X},
   MRCLASS = {14D06 (14E30 14M22 32M25)},
  MRNUMBER = {4453962},
MRREVIEWER = {Andreas H\"{o}ring},
}
@misc{Iwa21, 
    author = {Iwai, Masataka},
    title={On the structure of a log smooth pair in the equality case of the Bogomolov-Gieseker inequality}, 
    year={2021},
    note={Preprint arXiv:2103.08779 to appear in Annales de l'institut Fourier},
}
@article {Iwa22b,
    AUTHOR = {Iwai, Masataka},
     TITLE = {Characterization of pseudo-effective vector bundles by
              singular {H}ermitian metrics},
   JOURNAL = {Michigan Math. J.},
  FJOURNAL = {Michigan Mathematical Journal},
    VOLUME = {71},
      YEAR = {2022},
    NUMBER = {3},
     PAGES = {579--599},
      ISSN = {0026-2285},
   MRCLASS = {32L05 (14E30 32L10)},
  MRNUMBER = {4574365},
       DOI = {10.1307/mmj/20195833},
       URL = {https://doi.org/10.1307/mmj/20195833},
}

@misc{Iwa25, 
    author = {Iwai, Masataka},
    title={Remarks on  Miyaoka's equality for compact K\"ahler manifolds}, 
    year={2025},
    note={Preprint. Available at \url{https://masataka123.github.io/blog3/pdf/Miyaoka_inequality_kahler.pdf}},
}

@misc{IM22, 
    author = {Iwai, Masataka and Matsumura, Shin-ichi},
    title={Abundance theorem for minimal compact {K}\"ahler manifolds with vanishing second {C}hern class}, 
    year={2022},
    note={Preprint. arXiv:2205.10613},
}
@misc{IMZ23, 
      author={Iwai, Masataka and Matsumura, Shin-ichi and Guolei Zhong},
      title={Positivity of tangent sheaves of projective varieties -- the structure of {MRC} fibrations},
      year={2023},
      note={Preprint. arXiv:2309.09489}
}
@misc{IMM24, 
    author = {Iwai, Masataka and Matsumura, Shin-ichi and Niklas M\"uller},
    title={Minimal projective varieties satisfying Miyaoka's equality}, 
    year={2024},
    note={arXiv:2404.07568},
}

@misc{IJL23, 
      author={Masataka Iwai and Chen Jiang and Haidong Liu},
      title={Miyaoka type inequality for terminal threefolds with nef anti-canonical divisors},
      year={2023},
      note={Preprint. arXiv:2303.00268. to appear in Sci.China Math}
}

@Article{JR13,
 Author = {Jahnke, Priska and Radloff, Ivo},
 Title = {Semistability of restricted tangent bundles and a question of {I}. {Biswas}},
 FJournal = {International Journal of Mathematics},
 Journal = {Int. J. Math.},
 ISSN = {0129-167X},
 Volume = {24},
 Number = {1},
 Pages = {15},
 Note = {Id/No 1250122},
 Year = {2013},
 Language = {English},
 DOI = {10.1142/S0129167X12501224},
 Keywords = {14E30,14J10,32J27,32Q26,14E20,32L10},
 zbMATH = {6155938},
 Zbl = {1276.14023}
}

@misc{JLZ23, 
    author = {Jia, Jia and Lee, Yongnam and Zhong, Guolei},
    title={Smooth projective surfaces with pseudo-effective tangent bundles}, 
    year={2023},
    note={Preprint arXiv:2302.10077 },
}
@article {Kaw85,
    AUTHOR = {Kawamata, Yujiro},
     TITLE = {Minimal models and the {K}odaira dimension of algebraic fiber
              spaces},
   JOURNAL = {J. Reine Angew. Math.},
  FJOURNAL = {Journal f\"{u}r die Reine und Angewandte Mathematik. [Crelle's
              Journal]},
    VOLUME = {363},
      YEAR = {1985},
     PAGES = {1--46},
      ISSN = {0075-4102},
   MRCLASS = {14E30 (14J10 14J15)},
  MRNUMBER = {814013},
MRREVIEWER = {Eckart Viehweg},
       DOI = {10.1515/crll.1985.363.1},
       URL = {https://doi.org/10.1515/crll.1985.363.1},
}

@article {Kaw85a,
    AUTHOR = {Kawamata, Y.},
     TITLE = {Pluricanonical systems on minimal algebraic varieties},
   JOURNAL = {Invent. Math.},
  FJOURNAL = {Inventiones Mathematicae},
    VOLUME = {79},
      YEAR = {1985},
    NUMBER = {3},
     PAGES = {567--588},
      ISSN = {0020-9910,1432-1297},
   MRCLASS = {14C20 (14J10)},
  MRNUMBER = {782236},
MRREVIEWER = {Rick\ Miranda},
       DOI = {10.1007/BF01388524},
       URL = {https://doi.org/10.1007/BF01388524},
}
@incollection {KMM87,
    AUTHOR = {Kawamata, Yujiro and Matsuda, Katsumi and Matsuki, Kenji},
     TITLE = {Introduction to the minimal model problem},
 BOOKTITLE = {Algebraic geometry, {S}endai, 1985},
    SERIES = {Adv. Stud. Pure Math.},
    VOLUME = {10},
     PAGES = {283--360},
 PUBLISHER = {North-Holland, Amsterdam},
      YEAR = {1987},
      ISBN = {0-444-70313-6},
   MRCLASS = {14E30 (14E05 14J40)},
  MRNUMBER = {946243},
MRREVIEWER = {David\ R.\ Morrison},
       DOI = {10.2969/aspm/01010283},
       URL = {https://doi.org/10.2969/aspm/01010283},
}
@article {Kaw92,
    AUTHOR = {Kawamata, Yujiro},
     TITLE = {Abundance theorem for minimal threefolds},
   JOURNAL = {Invent. Math.},
  FJOURNAL = {Inventiones Mathematicae},
    VOLUME = {108},
      YEAR = {1992},
    NUMBER = {2},
     PAGES = {229--246},
      ISSN = {0020-9910,1432-1297},
   MRCLASS = {14E30 (14E05 14E35)},
  MRNUMBER = {1161091},
MRREVIEWER = {Jaros\l aw\ A.\ Wi\'{s}niewski},
       DOI = {10.1007/BF02100604},
       URL = {https://doi.org/10.1007/BF02100604},
}

@article {Keb13,
    AUTHOR = {Kebekus, Stefan},
     TITLE = {Pull-back morphisms for reflexive differential forms},
   JOURNAL = {Adv. Math.},
  FJOURNAL = {Advances in Mathematics},
    VOLUME = {245},
      YEAR = {2013},
     PAGES = {78--112},
      ISSN = {0001-8708,1090-2082},
   MRCLASS = {14J17 (14B05 14F10 58A10)},
  MRNUMBER = {3084424},
MRREVIEWER = {Leovigildo\ M.\ Alonso Tarrio},
       DOI = {10.1016/j.aim.2013.06.013},
       URL = {https://doi.org/10.1016/j.aim.2013.06.013},
}

@article {KK08,
    AUTHOR = {Kebekus, Stefan and Kov\'{a}cs, S\'{a}ndor J.},
     TITLE = {Families of canonically polarized varieties over surfaces},
   JOURNAL = {Invent. Math.},
  FJOURNAL = {Inventiones Mathematicae},
    VOLUME = {172},
      YEAR = {2008},
    NUMBER = {3},
     PAGES = {657--682},
      ISSN = {0020-9910},
   MRCLASS = {14J10 (14E30)},
  MRNUMBER = {2393082},
MRREVIEWER = {Jaros\l aw A. Wi\'{s}niewski},
       DOI = {10.1007/s00222-008-0128-8},
       URL = {https://doi.org/10.1007/s00222-008-0128-8},
}

@article{KST07,
    AUTHOR = {Kebekus, Stefan and Sol\'{a} Conde, Luis and Toma, Matei},
     TITLE = {Rationally connected foliations after {B}ogomolov and
              {M}c{Q}uillan},
   JOURNAL = {J. Algebraic Geom.},
  FJOURNAL = {Journal of Algebraic Geometry},
    VOLUME = {16},
      YEAR = {2007},
    NUMBER = {1},
     PAGES = {65--81},
      ISSN = {1056-3911},
   MRCLASS = {14J10 (14J60)},
  MRNUMBER = {2257320},
MRREVIEWER = {Alexandr V. Pukhlikov},
       DOI = {10.1090/S1056-3911-06-00435-8},
       URL = {https://doi.org/10.1090/S1056-3911-06-00435-8},
}

@article {KMM04,
    AUTHOR = {Keel, Sean and Matsuki, Kenji and McKernan, James},
     TITLE = {Corrections to: ``{L}og abundance theorem for threefolds''
              [{D}uke {M}ath. {J}. {\bf 75} (1994), no. 1, 99--119;
              MR1284817]},
   JOURNAL = {Duke Math. J.},
  FJOURNAL = {Duke Mathematical Journal},
    VOLUME = {122},
      YEAR = {2004},
    NUMBER = {3},
     PAGES = {625--630},
      ISSN = {0012-7094,1547-7398},
   MRCLASS = {14E30 (14J30 14J35)},
  MRNUMBER = {2057020},
       DOI = {10.1215/S0012-7094-04-12236-5},
       URL = {https://doi.org/10.1215/S0012-7094-04-12236-5},
}

@article {Kra97,
    AUTHOR = {Kratz, Henrik},
     TITLE = {Compact complex manifolds with numerically effective cotangent
              bundles},
   JOURNAL = {Doc. Math.},
  FJOURNAL = {Documenta Mathematica},
    VOLUME = {2},
      YEAR = {1997},
     PAGES = {183--193},
      ISSN = {1431-0635,1431-0643},
   MRCLASS = {32J18 (32J27)},
  MRNUMBER = {1464070},
MRREVIEWER = {Fangyang\ Zheng},
}

@article {Kle80,
    AUTHOR = {Kleiman, Steven L.},
     TITLE = {Relative duality for quasicoherent sheaves},
   JOURNAL = {Compositio Math.},
  FJOURNAL = {Compositio Mathematica},
    VOLUME = {41},
      YEAR = {1980},
    NUMBER = {1},
     PAGES = {39--60},
      ISSN = {0010-437X},
   MRCLASS = {14F20},
  MRNUMBER = {578050},
MRREVIEWER = {Zoghman Mebkhout},
       URL = {http://www.numdam.org/item?id=CM_1980__41_1_39_0},
}
@book {Kob14,
    AUTHOR = {Kobayashi, Shoshichi},
     TITLE = {Differential geometry of complex vector bundles},
    SERIES = {Princeton Legacy Library},
      NOTE = {Reprint of the 1987 edition [ MR0909698]},
 PUBLISHER = {Princeton University Press, Princeton, NJ},
      YEAR = {[2014]},
     PAGES = {xi + 304},
      ISBN = {978-0-691-60329-2},
   MRCLASS = {53C55 (01A75 32-02 32L05 32L10 32L20)},
  MRNUMBER = {3643615},
}
@book{K++,
     editor = {Koll\'ar, J\'anos},
     title = {Flips and abundance for algebraic threefolds - {A} summer seminar at the {University} of {Utah} {(Salt} {Lake} {City,} 1991)},
     series = {Ast\'erisque},
     publisher = {Soci\'et\'e math\'ematique de France},
     number = {211},
     year = {1992},
     zbl = {0782.00075},
     language = {en},
     url = {http://www.numdam.org/item/AST_1992__211__1_0/}
}
@article {Kol93,
    AUTHOR = {Koll\'{a}r, J\'{a}nos},
     TITLE = {Shafarevich maps and plurigenera of algebraic varieties},
   JOURNAL = {Invent. Math.},
  FJOURNAL = {Inventiones Mathematicae},
    VOLUME = {113},
      YEAR = {1993},
    NUMBER = {1},
     PAGES = {177--215},
      ISSN = {0020-9910},
   MRCLASS = {14E20 (14E30 14J10)},
  MRNUMBER = {1223229},
MRREVIEWER = {Alessio Corti},
       DOI = {10.1007/BF01244307},
       URL = {https://doi.org/10.1007/BF01244307},
}
@book {Kol95,
    AUTHOR = {Koll\'{a}r, J\'{a}nos},
     TITLE = {Shafarevich maps and automorphic forms},
    SERIES = {M. B. Porter Lectures},
 PUBLISHER = {Princeton University Press, Princeton, NJ},
      YEAR = {1995},
     PAGES = {x+201},
      ISBN = {0-691-04381-7},
   MRCLASS = {14E20 (14J10 14J15 32J18 32N10)},
  MRNUMBER = {1341589},
MRREVIEWER = {Kang Zuo},
       DOI = {10.1515/9781400864195},
       URL = {https://doi.org/10.1515/9781400864195},
}
@book {Kol96,
    AUTHOR = {Koll\'{a}r, J\'{a}nos},
     TITLE = {Rational curves on algebraic varieties},
    SERIES = {Ergebnisse der Mathematik und ihrer Grenzgebiete. 3. Folge. A
              Series of Modern Surveys in Mathematics [Results in
              Mathematics and Related Areas. 3rd Series. A Series of Modern
              Surveys in Mathematics]},
    VOLUME = {32},
 PUBLISHER = {Springer-Verlag, Berlin},
      YEAR = {1996},
     PAGES = {viii+320},
      ISBN = {3-540-60168-6},
   MRCLASS = {14-02 (14C05 14E05 14F17 14J45)},
  MRNUMBER = {1440180},
MRREVIEWER = {Yuri G. Prokhorov},
       DOI = {10.1007/978-3-662-03276-3},
       URL = {https://doi.org/10.1007/978-3-662-03276-3},
}
@book {KM98,
    AUTHOR = {Koll\'{a}r, J\'{a}nos and Mori, Shigefumi},
     TITLE = {Birational geometry of algebraic varieties},
    SERIES = {Cambridge Tracts in Mathematics},
    VOLUME = {134},
      NOTE = {With the collaboration of C. H. Clemens and A. Corti,
              Translated from the 1998 Japanese original},
 PUBLISHER = {Cambridge University Press, Cambridge},
      YEAR = {1998},
     PAGES = {viii+254},
      ISBN = {0-521-63277-3},
   MRCLASS = {14E30},
  MRNUMBER = {1658959},
MRREVIEWER = {Mark Gross},
       DOI = {10.1017/CBO9780511662560},
       URL = {https://doi.org/10.1017/CBO9780511662560},
}

@book {Kol07,
    AUTHOR = {Koll\'{a}r, J\'{a}nos},
     TITLE = {Lectures on resolution of singularities},
    SERIES = {Annals of Mathematics Studies},
    VOLUME = {166},
 PUBLISHER = {Princeton University Press, Princeton, NJ},
      YEAR = {2007},
     PAGES = {vi+208},
      ISBN = {978-0-691-12923-5; 0-691-12923-1},
   MRCLASS = {14E15 (32S45)},
  MRNUMBER = {2289519},
MRREVIEWER = {Dan\ Abramovich},
}

@book {Kol13,
    AUTHOR = {Koll\'{a}r, J\'{a}nos},
     TITLE = {Singularities of the minimal model program},
    SERIES = {Cambridge Tracts in Mathematics},
    VOLUME = {200},
      NOTE = {With a collaboration of S\'{a}ndor Kov\'{a}cs},
 PUBLISHER = {Cambridge University Press, Cambridge},
      YEAR = {2013},
     PAGES = {x+370},
      ISBN = {978-1-107-03534-8},
   MRCLASS = {14E30 (14B05)},
  MRNUMBER = {3057950},
MRREVIEWER = {Tommaso De Fernex},
       DOI = {10.1017/CBO9781139547895},
       URL = {https://doi.org/10.1017/CBO9781139547895},
}

@book {Laz04,
    AUTHOR = {Lazarsfeld, Robert},
     TITLE = {Positivity in algebraic geometry. {II}},
    SERIES = {Ergebnisse der Mathematik und ihrer Grenzgebiete. 3. Folge. A
              Series of Modern Surveys in Mathematics [Results in
              Mathematics and Related Areas. 3rd Series. A Series of Modern
              Surveys in Mathematics]},
    VOLUME = {49},
      NOTE = {Positivity for vector bundles, and multiplier ideals},
 PUBLISHER = {Springer-Verlag, Berlin},
      YEAR = {2004},
     PAGES = {xviii+385},
      ISBN = {3-540-22534-X},
   MRCLASS = {14-02 (14C20 14F05 14F17)},
  MRNUMBER = {2095472},
MRREVIEWER = {Mihnea Popa},
       DOI = {10.1007/978-3-642-18808-4},
       URL = {https://doi.org/10.1007/978-3-642-18808-4},
}
@book {MR2095471,
    AUTHOR = {Lazarsfeld, Robert},
     TITLE = {Positivity in algebraic geometry. {I}},
    SERIES = {Ergebnisse der Mathematik und ihrer Grenzgebiete. 3. Folge. A
              Series of Modern Surveys in Mathematics [Results in
              Mathematics and Related Areas. 3rd Series. A Series of Modern
              Surveys in Mathematics]},
    VOLUME = {48},
      NOTE = {Classical setting: line bundles and linear series},
 PUBLISHER = {Springer-Verlag, Berlin},
      YEAR = {2004},
     PAGES = {xviii+387},
      ISBN = {3-540-22533-1},
   MRCLASS = {14-02 (14C20)},
  MRNUMBER = {2095471},
MRREVIEWER = {Mihnea Popa},
       DOI = {10.1007/978-3-642-18808-4},
       URL = {https://doi.org/10.1007/978-3-642-18808-4},
}
@incollection {Lan02,
    AUTHOR = {Langer, Adrian},
     TITLE = {A note on {B}ogomolov's instability and {H}iggs sheaves},
 BOOKTITLE = {Algebraic geometry},
     PAGES = {237--256},
 PUBLISHER = {de Gruyter, Berlin},
      YEAR = {2002},
}

@article {Lan04,
    AUTHOR = {Langer, Adrian},
     TITLE = {Semistable sheaves in positive characteristic},
   JOURNAL = {Ann. of Math. (2)},
  FJOURNAL = {Annals of Mathematics. Second Series},
    VOLUME = {159},
      YEAR = {2004},
    NUMBER = {1},
     PAGES = {251--276},
      ISSN = {0003-486X,1939-8980},
   MRCLASS = {14F05 (14D20 14J60)},
  MRNUMBER = {2051393},
MRREVIEWER = {Vikram\ B.\ Mehta},
       DOI = {10.4007/annals.2004.159.251},
       URL = {https://doi.org/10.4007/annals.2004.159.251},
}


@misc{Lan22a,
      title={Intersection theory and {C}hern classes on normal varieties}, 
      author={Adrian Langer},
      year={2022},
      note={Preprint. arXiv:2210.08766v3}
}

@article {Lan22b,
    AUTHOR = {Langer, Adrian},
     TITLE = {Bogomolov's inequality and {H}iggs sheaves on normal varieties
              in positive characteristic},
   JOURNAL = {J. Reine Angew. Math.},
  FJOURNAL = {Journal f\"ur die Reine und Angewandte Mathematik. [Crelle's
              Journal]},
    VOLUME = {810},
      YEAR = {2024},
     PAGES = {1--48},
      ISSN = {0075-4102,1435-5345},
   MRCLASS = {14G17 (14C20 14J60)},
  MRNUMBER = {4739239},
       DOI = {10.1515/crelle-2023-0101},
       URL = {https://doi.org/10.1515/crelle-2023-0101},
}



@misc{Lan23,
      title={Simpson's correspondence on singular varieties in positive characteristic}, 
      author={Adrian Langer},
      year={2023},
      note={Preprint. arXiv:2302.05668}
}

@misc{Lan, 
    author = {Adrian Langer},
    title={Simpson's correspondence on singular varieties in positive characteristic}, 
    year={2023},
    note={Preprint arXiv:2302.05668},
}

@article {LP18,
    AUTHOR = {Lazi\'{c}, Vladimir and Peternell, Thomas},
     TITLE = {Abundance for varieties with many differential forms},
   JOURNAL = {\'{E}pijournal G\'{e}om. Alg\'{e}brique},
  FJOURNAL = {\'{E}pijournal de G\'{e}om\'{e}trie Alg\'{e}brique. EPIGA},
    VOLUME = {2},
      YEAR = {2018},
     PAGES = {Art. 1, 35},
      ISSN = {2491-6765},
   MRCLASS = {14E30 (14F10 14J32)},
  MRNUMBER = {3770541},
MRREVIEWER = {James\ McKernan},
       DOI = {10.46298/epiga.2018.volume2.3867},
       URL = {https://doi.org/10.46298/epiga.2018.volume2.3867},
}

@misc{LMPTZ22,
      title={The Nonvanishing problem for varieties with nef anticanonical bundle}, 
      author={Vladimir Lazi\'{c} and Matsumura, Shin-ichi and Thomas Peternell and Nikolaos Tsakanikas and Zhixin Xie},
      year={2022},
      note={Preprint arXiv:2202.13814v4 to appear in Documenta Mathematica.}
}

@article {LPT18,
    AUTHOR = {Loray, Frank and Pereira, Jorge Vit\'{o}rio and Touzet,
              Fr\'{e}d\'{e}ric},
     TITLE = {Singular foliations with trivial canonical class},
   JOURNAL = {Invent. Math.},
  FJOURNAL = {Inventiones Mathematicae},
    VOLUME = {213},
      YEAR = {2018},
    NUMBER = {3},
     PAGES = {1327--1380},
}

@article {LOY19,
    AUTHOR = {Li, Duo and Ou, Wenhao and Yang, Xiaokui},
     TITLE = {On projective varieties with strictly nef tangent bundles},
   JOURNAL = {J. Math. Pures Appl. (9)},
  FJOURNAL = {Journal de Math\'{e}matiques Pures et Appliqu\'{e}es. Neuvi\`eme S\'{e}rie},
    VOLUME = {128},
      YEAR = {2019},
     PAGES = {140--151},
      ISSN = {0021-7824},
   MRCLASS = {14J60 (14J45 14M22)},
  MRNUMBER = {3980847},
MRREVIEWER = {Lei Song},
       DOI = {10.1016/j.matpur.2019.04.007},
       URL = {https://doi.org/10.1016/j.matpur.2019.04.007},
}

@misc{LOY20, 
    author= {Liu, Jie and Ou, Wenhao and Yang, Xiaokui},
    title={Projective manifolds whose tangent bundle contains a strictly nef subsheaf.}, 
    year={2020},
    note={Preprint, arXiv:2004.08507, to appear in J. Algebraic Geom.},
}


@misc{Liu23,
      title={On the log version of Serrano's conjecture}, 
      author={Haidong Liu},
      year={2023},
      note = {Preprint. 	arXiv:2302.06209},
}

@misc{LL23,
      title={Kawamata--{M}iyaoka type inequality for canonical $\mathbb{Q}$-{F}ano varieties}, 
      author={Haidong Liu and Jie Liu},
      year={2023},
      note = {Preprint. arXiv:2308.10440.  to appear J. Reine Angew. Math.},
}

@misc{LL24,
      title={Kawamata--{M}iyaoka type inequality for canonical $\mathbb{Q}$-{F}ano varieties II: terminal $\mathbb{Q}$-Fano threefolds}, 
      author={Haidong Liu and Jie Liu},
      year={2024},
      note = {Preprint. arXiv:2401.04391. to appear in Épijournal Géom. Algébrique},
}

@article {LM23,
    AUTHOR = {Liu, Haidong and Matsumura, Shin-ichi},
     TITLE = {Strictly nef divisors on {K}-trivial fourfolds},
   JOURNAL = {Math. Ann.},
  FJOURNAL = {Mathematische Annalen},
    VOLUME = {387},
      YEAR = {2023},
    NUMBER = {1-2},
     PAGES = {985--1008},
      ISSN = {0025-5831,1432-1807},
   MRCLASS = {14J32 (14E30 14J35 14J42)},
  MRNUMBER = {4631062},
MRREVIEWER = {Chen\ Jiang},
       DOI = {10.1007/s00208-022-02461-1},
       URL = {https://doi.org/10.1007/s00208-022-02461-1},
}

@incollection {Lie78,
    AUTHOR = {Lieberman, David I.},
     TITLE = {Compactness of the {C}how scheme: applications to
              automorphisms and deformations of {K}\"{a}hler manifolds},
 BOOKTITLE = {Fonctions de plusieurs variables complexes, {III} ({S}\'{e}m.
              {F}ran\c{c}ois {N}orguet, 1975--1977)},
    SERIES = {Lecture Notes in Math.},
    VOLUME = {670},
     PAGES = {140--186},
 PUBLISHER = {Springer, Berlin},
      YEAR = {1978},
   MRCLASS = {32M05 (32C10 32G05)},
  MRNUMBER = {521918},
MRREVIEWER = {C. A. M. Peters},
}

@misc{LBRT19,
      title={Symmetries of Transversely Projective Foliations}, 
      author={Lo Bianco, Federico and   Rousseau, Erwan and Touzet, Fr\'{e}d\'{e}ric},
      year={2019},
      note = {Preprint 	arXiv:1901.05656 },
}

@misc{LS22, 
    author = {Lombardi, Luigi and Schnell, Christian},
    title={Singular hermitian metrics and the decomposition theorem of Catanese, Fujita, and Kawamata}, 
    year={2022},
    note={Preprint 	arXiv:2210.01087},
}

@article{LiOY18,
  title={On projective varieties with strictly nef tangent bundles},
  author={Li, Duo and Ou, Wenhao and Yang, Xiaokui},
  journal={Journal de Math{\'e}matiques Pures et Appliqu{\'e}es},
  volume={128},
  pages={140--151},
  year={2019},
  publisher={Elsevier}
}


@article {LT18,
    AUTHOR = {Lu, Steven and Taji, Behrouz},
     TITLE = {A characterization of finite quotients of abelian varieties},
   JOURNAL = {Int. Math. Res. Not. IMRN},
  FJOURNAL = {International Mathematics Research Notices. IMRN},
      YEAR = {2018},
  volume   = {2018},
    NUMBER = {1},
     PAGES = {292--319},
      ISSN = {1073-7928},
   MRCLASS = {14K20 (14B05 14F05 14J17)},
  MRNUMBER = {3801432},
MRREVIEWER = {Fumio Hazama},
       DOI = {10.1093/imrn/rnw251},
       URL = {https://doi.org/10.1093/imrn/rnw251},
}

@misc{LX24, 
    author={Jun Lu and Wan-Yuan Xui}, 
    title={A remark on a conjecture of Schnell}, 
    year={2024},
    note={Preprint. arXiv:2402.16049},
} 

@article {MR4221001,
    AUTHOR = {Matsumura, Shin-ichi},
     TITLE = {On the image of {MRC} fibrations of projective manifolds with
              semi-positive holomorphic sectional curvature},
   JOURNAL = {Pure Appl. Math. Q.},
  FJOURNAL = {Pure and Applied Mathematics Quarterly},
    VOLUME = {16},
      YEAR = {2020},
    NUMBER = {5},
     PAGES = {1419--1439},
      ISSN = {1558-8599},
   MRCLASS = {53C55 (14M22 32Q10)},
  MRNUMBER = {4221001},
MRREVIEWER = {J. T. Davidov},
       DOI = {10.4310/PAMQ.2020.v16.n5.a3},
       URL = {https://doi.org/10.4310/PAMQ.2020.v16.n5.a3},
}
@article {Mat20,
    AUTHOR = {Matsumura, Shin-ichi},
     TITLE = {On projective manifolds with semi-positive holomorphic
              sectional curvature},
   JOURNAL = {Amer. J. Math.},
  FJOURNAL = {American Journal of Mathematics},
    VOLUME = {144},
      YEAR = {2022},
    NUMBER = {3},
     PAGES = {747--777},
      ISSN = {0002-9327},
   MRCLASS = {32Q10 (14M22)},
  MRNUMBER = {4436144},
MRREVIEWER = {Mancho H. Manev},
       DOI = {10.1353/ajm.2022.0015},
       URL = {https://doi.org/10.1353/ajm.2022.0015},
}
@article {MR4452260,
    AUTHOR = {Matsumura, Shin-ichi},
     TITLE = {Open problems on structure of positively curved projective
              varieties},
   JOURNAL = {Ann. Fac. Sci. Toulouse Math. (6)},
  FJOURNAL = {Annales de la Facult\'{e} des Sciences de Toulouse. Math\'{e}matiques.
              S\'{e}rie 6},
    VOLUME = {31},
      YEAR = {2022},
    NUMBER = {3},
     PAGES = {1011--1029},
      ISSN = {0240-2963},
   MRCLASS = {32J25 (14E30 53C25)},
  MRNUMBER = {4452260},
       DOI = {10.5802/afst.171},
       URL = {https://doi.org/10.5802/afst.171},
}

@misc{Mat22, 
    author = {Matsumura, Shin-ichi},
    title={On the minimal model program for projective varieties with pseudo-effective tangent sheaf.}, 
    year={2022},
    note={Preprint. arXiv:2211.09109 },
}

@misc{MW21, 
    author = {Matsumura, Shin-ichi and Wang, Juanyong},
    title={Structure theorem for projective klt pairs with nef anti-canonical divisor.}, 
    year={2021},
    note={Preprint. arXiv: 2105.14308},
}

@article {MY21,
    AUTHOR = {Matsuzawa, Yohsuke and Yoshikawa, Shou},
     TITLE = {Int-amplified endomorphisms on normal projective surfaces},
   JOURNAL = {Taiwanese J. Math.},
  FJOURNAL = {Taiwanese Journal of Mathematics},
    VOLUME = {25},
      YEAR = {2021},
    NUMBER = {4},
     PAGES = {681--697},
      ISSN = {1027-5487,2224-6851},
   MRCLASS = {14E30},
  MRNUMBER = {4298918},
MRREVIEWER = {Tatiana\ M.\ Bandman},
       DOI = {10.11650/tjm/210101},
       URL = {https://doi.org/10.11650/tjm/210101},
}
@article {MR82,
    AUTHOR = {Mehta, V. B. and Ramanathan, A.},
     TITLE = {Semistable sheaves on projective varieties and their
              restriction to curves},
   JOURNAL = {Math. Ann.},
  FJOURNAL = {Mathematische Annalen},
    VOLUME = {258},
      YEAR = {1981/82},
    NUMBER = {3},
     PAGES = {213--224},
      ISSN = {0025-5831},
   MRCLASS = {14F05},
  MRNUMBER = {649194},
MRREVIEWER = {Klaus Hulek},
       DOI = {10.1007/BF01450677},
       URL = {https://doi.org/10.1007/BF01450677},
}




@article{MZ18,
  title={Building blocks of polarized endomorphisms of normal projective varieties},
  author={Meng, Sheng and Zhang, De-Qi},
  journal={Advances in Mathematics},
  volume={325},
  pages={243--273},
  year={2018},
  publisher={Elsevier}
}
@article {MZ19,
    AUTHOR = {Meng, Sheng and Zhang, De-Qi},
     TITLE = {Characterizations of toric varieties via polarized
              endomorphisms},
   JOURNAL = {Math. Z.},
  FJOURNAL = {Mathematische Zeitschrift},
    VOLUME = {292},
      YEAR = {2019},
    NUMBER = {3-4},
     PAGES = {1223--1231},
      ISSN = {0025-5874},
   MRCLASS = {14M25 (20K30 32H50)},
  MRNUMBER = {3980290},
MRREVIEWER = {Ozhan Genc},
       DOI = {10.1007/s00209-018-2160-8},
       URL = {https://doi.org/10.1007/s00209-018-2160-8},
}
@article {Men20,
    AUTHOR = {Meng, Sheng},
     TITLE = {Building blocks of amplified endomorphisms of normal
              projective varieties},
   JOURNAL = {Math. Z.},
  FJOURNAL = {Mathematische Zeitschrift},
    VOLUME = {294},
      YEAR = {2020},
    NUMBER = {3-4},
     PAGES = {1727--1747},
      ISSN = {0025-5874},
   MRCLASS = {14E30 (08A35 32H50)},
  MRNUMBER = {4074056},
MRREVIEWER = {Haidong Liu},
       DOI = {10.1007/s00209-019-02316-7},
       URL = {https://doi.org/10.1007/s00209-019-02316-7},
}
@incollection {MR728611,
    AUTHOR = {Miyaoka, Yoichi},
     TITLE = {Algebraic surfaces with positive indices},
 BOOKTITLE = {Classification of algebraic and analytic manifolds ({K}atata,
              1982)},
    SERIES = {Progr. Math.},
    VOLUME = {39},
     PAGES = {281--301},
 PUBLISHER = {Birkh\"{a}user Boston, Boston, MA},
      YEAR = {1983},
   MRCLASS = {14J25 (14J29 32J15)},
  MRNUMBER = {728611},
MRREVIEWER = {Ulf Persson},
}

@article {MR0744605,
    AUTHOR = {Miyaoka, Yoichi},
     TITLE = {The maximal number of quotient singularities on surfaces with
              given numerical invariants},
   JOURNAL = {Math. Ann.},
  FJOURNAL = {Mathematische Annalen},
    VOLUME = {268},
      YEAR = {1984},
    NUMBER = {2},
     PAGES = {159--171},
      ISSN = {0025-5831,1432-1807},
   MRCLASS = {14J17 (32J25)},
  MRNUMBER = {744605},
MRREVIEWER = {L.\ B\u{a}descu},
       DOI = {10.1007/BF01456083},
       URL = {https://doi.org/10.1007/BF01456083},
}

@incollection {Miy84,
    AUTHOR = {Miyaoka, Yoichi},
     TITLE = {Algebraic surfaces with positive indices},
 BOOKTITLE = {Classification of algebraic and analytic manifolds ({K}atata,
              1982)},
    SERIES = {Progr. Math.},
    VOLUME = {39},
     PAGES = {281--301},
 PUBLISHER = {Birkh\"{a}user Boston, Boston, MA},
      YEAR = {1983},
}

@incollection {Miy87,
    AUTHOR = {Miyaoka, Yoichi},
     TITLE = {The {C}hern classes and {K}odaira dimension of a minimal
              variety},
 BOOKTITLE = {Algebraic geometry, {S}endai, 1985},
    SERIES = {Adv. Stud. Pure Math.},
    VOLUME = {10},
     PAGES = {449--476},
 PUBLISHER = {North-Holland, Amsterdam},
      YEAR = {1987},
      ISBN = {0-444-70313-6},
   MRCLASS = {14E30 (14F05 14J40)},
  MRNUMBER = {946247},
MRREVIEWER = {I.\ Dolgachev},
       DOI = {10.2969/aspm/01010449},
       URL = {https://doi.org/10.2969/aspm/01010449},
}

@article {Miy88a,
    AUTHOR = {Miyaoka, Yoichi},
     TITLE = {On the {K}odaira dimension of minimal threefolds},
   JOURNAL = {Math. Ann.},
  FJOURNAL = {Mathematische Annalen},
    VOLUME = {281},
      YEAR = {1988},
    NUMBER = {2},
     PAGES = {325--332},
      ISSN = {0025-5831,1432-1807},
   MRCLASS = {14J10 (14E30 14J15 14J30)},
  MRNUMBER = {949837},
MRREVIEWER = {Atsushi\ Moriwaki},
       DOI = {10.1007/BF01458437},
       URL = {https://doi.org/10.1007/BF01458437},
}

@article {Miy77,
    AUTHOR = {Miyaoka, Yoichi},
     TITLE = {On the {C}hern numbers of surfaces of general type},
   JOURNAL = {Invent. Math.},
  FJOURNAL = {Inventiones Mathematicae},
    VOLUME = {42},
      YEAR = {1977},
     PAGES = {225--237},
      ISSN = {0020-9910,1432-1297},
   MRCLASS = {14J25},
  MRNUMBER = {460343},
MRREVIEWER = {Manfred\ Herrmann},
       DOI = {10.1007/BF01389789},
       URL = {https://doi.org/10.1007/BF01389789},
}

@article {Miy88b,
    AUTHOR = {Miyaoka, Yoichi},
     TITLE = {Abundance conjecture for {$3$}-folds: case {$\nu=1$}},
   JOURNAL = {Compositio Math.},
  FJOURNAL = {Compositio Mathematica},
    VOLUME = {68},
      YEAR = {1988},
    NUMBER = {2},
     PAGES = {203--220},
      ISSN = {0010-437X,1570-5846},
   MRCLASS = {14J30 (14J10)},
  MRNUMBER = {966580},
MRREVIEWER = {Peter\ Nielsen},
       URL = {http://www.numdam.org/item?id=CM_1988__68_2_203_0},
}

@misc{MiySur, 
    author={Miyaoka, Yoichi}, 
    title={主題と変奏-Chern類に関する不等式をめぐって-}, 
    year={1989},
    note={Preprint. Available at \url{https://www.jstage.jst.go.jp/article/sugaku1947/41/3/41_3_193/_pdf/-char/ja}},
}    


@misc{MiySurOka, 
    author={Miyaoka, Yoichi}, 
    title={Bogomolov-Miyaoka-Yau 不等式をめぐって}, 
    year={2014},
    note={Preprint. Available at \url{http://www.nara-wu.ac.jp/omi/oka_symposium/13/miyaoka.pdf}},
}    

@book {MR1468476,
    AUTHOR = {Miyaoka, Yoichi and Peternell, Thomas},
     TITLE = {Geometry of higher-dimensional algebraic varieties},
    SERIES = {DMV Seminar},
    VOLUME = {26},
 PUBLISHER = {Birkh\"{a}user Verlag, Basel},
      YEAR = {1997},
     PAGES = {vi+217},
      ISBN = {3-7643-5490-9},
   MRCLASS = {14-02 (14Hxx 14Jxx)},
  MRNUMBER = {1468476},
MRREVIEWER = {Mark Gross},
       DOI = {10.1007/978-3-0348-8893-6},
       URL = {https://doi.org/10.1007/978-3-0348-8893-6},
}


@article {Mok88,
    AUTHOR = {Mok, Ngaiming},
     TITLE = {The uniformization theorem for compact {K}\"{a}hler manifolds of
              nonnegative holomorphic bisectional curvature},
   JOURNAL = {J. Differential Geom.},
  FJOURNAL = {Journal of Differential Geometry},
    VOLUME = {27},
      YEAR = {1988},
    NUMBER = {2},
     PAGES = {179--214},
      ISSN = {0022-040X},
   MRCLASS = {53C55 (32C10 53C35 58G11)},
  MRNUMBER = {925119},
MRREVIEWER = {Hung-Hsi Wu},
       URL = {http://projecteuclid.org/euclid.jdg/1214441778},
}
@article {Mor79,
    AUTHOR = {Mori, Shigefumi},
     TITLE = {Projective manifolds with ample tangent bundles},
   JOURNAL = {Ann. of Math. (2)},
  FJOURNAL = {Annals of Mathematics. Second Series},
    VOLUME = {110},
      YEAR = {1979},
    NUMBER = {3},
     PAGES = {593--606},
      ISSN = {0003-486X},
   MRCLASS = {14E05 (14M20)},
  MRNUMBER = {554387},
MRREVIEWER = {Luciana Picco Botta},
       DOI = {10.2307/1971241},
       URL = {https://doi.org/10.2307/1971241},
}

@article {MT07,
    AUTHOR = {Mourougane, Christophe and Takayama, Shigeharu},
     TITLE = {Hodge metrics and positivity of direct images},
   JOURNAL = {J. Reine Angew. Math.},
  FJOURNAL = {Journal f\"ur die Reine und Angewandte Mathematik. [Crelle's
              Journal]},
    VOLUME = {606},
      YEAR = {2007},
     PAGES = {167--178},
      ISSN = {0075-4102,1435-5345},
   MRCLASS = {32Q10 (14J60 32J25 32L05)},
  MRNUMBER = {2337646},
MRREVIEWER = {Julien\ Keller},
       DOI = {10.1515/CRELLE.2007.039},
       URL = {https://doi.org/10.1515/CRELLE.2007.039},
}

@incollection {Mum83,
    AUTHOR = {Mumford, David},
     TITLE = {Towards an enumerative geometry of the moduli space of curves},
 BOOKTITLE = {Arithmetic and geometry, {V}ol. {II}},
    SERIES = {Progr. Math.},
    VOLUME = {36},
     PAGES = {271--328},
 PUBLISHER = {Birkh\"{a}user Boston, Boston, MA},
      YEAR = {1983}
}

@misc{Mul,
    author = {M{\"u}ller, Niklas},
    title={Locally constant fibrations and positivity of curvature}, 
    year={2022},
    note={https://arxiv.org/abs/2212.11530},
}
@misc{M22,
      title={Locally Constant Fibrations and Positivity of Curvature}, 
      author={Niklas M{\"u}ller},
      year={2022},
      note={Preprint. arXiv: 2212.11530},
}

@book {Nak04,
    AUTHOR = {Nakayama, Noboru},
     TITLE = {Zariski-decomposition and abundance},
    SERIES = {MSJ Memoirs},
    VOLUME = {14},
 PUBLISHER = {Mathematical Society of Japan, Tokyo},
      YEAR = {2004},
     PAGES = {xiv+277},
      ISBN = {4-931469-31-0},
   MRCLASS = {14C20 (14E15 14E30 14J10)},
  MRNUMBER = {2104208},
MRREVIEWER = {Tommaso De Fernex},
}
@article {NZ10,
    AUTHOR = {Nakayama, Noboru and Zhang, De-Qi},
     TITLE = {Polarized endomorphisms of complex normal varieties},
   JOURNAL = {Math. Ann.},
  FJOURNAL = {Mathematische Annalen},
    VOLUME = {346},
      YEAR = {2010},
    NUMBER = {4},
     PAGES = {991--1018},
      ISSN = {0025-5831},
   MRCLASS = {14J10 (14H20 32H50)},
  MRNUMBER = {2587100},
MRREVIEWER = {Karl Schwede},
       DOI = {10.1007/s00208-009-0420-y},
       URL = {https://doi.org/10.1007/s00208-009-0420-y},
}
@article {Nor83,
    AUTHOR = {Nori, Madhav V.},
     TITLE = {Zariski's conjecture and related problems},
   JOURNAL = {Ann. Sci. \'{E}cole Norm. Sup. (4)},
  FJOURNAL = {Annales Scientifiques de l'\'{E}cole Normale Sup\'{e}rieure. Quatri\`eme
              S\'{e}rie},
    VOLUME = {16},
      YEAR = {1983},
    NUMBER = {2},
     PAGES = {305--344},
      ISSN = {0012-9593},
   MRCLASS = {14H30 (14H20)},
  MRNUMBER = {732347},
MRREVIEWER = {Johan Hansen},
       URL = {http://www.numdam.org/item?id=ASENS_1983_4_16_2_305_0},
}
@article {Ou14,
    AUTHOR = {Ou, Wenhao},
     TITLE = {Singular rationally connected surfaces with nonzero
              pluri-forms},
   JOURNAL = {Michigan Math. J.},
  FJOURNAL = {Michigan Mathematical Journal},
    VOLUME = {63},
      YEAR = {2014},
    NUMBER = {4},
     PAGES = {725--745},
      ISSN = {0026-2285,1945-2365},
   MRCLASS = {14M22 (14J17 14J26)},
  MRNUMBER = {3286668},
MRREVIEWER = {Qile\ Chen},
       DOI = {10.1307/mmj/1417799223},
       URL = {https://doi.org/10.1307/mmj/1417799223},
}
@article {Ou17,
    AUTHOR = {Ou, Wenhao},
     TITLE = {On generic nefness of tangent sheaves},
   JOURNAL = {Math. Z.},
  FJOURNAL = {Mathematische Zeitschrift},
    VOLUME = {304},
      YEAR = {2023},
    NUMBER = {4},
     PAGES = {58},
      ISSN = {0025-5874},
   MRCLASS = {14E30 (14C20)},
  MRNUMBER = {4616112},
       DOI = {10.1007/s00209-023-03306-6},
       URL = {https://doi.org/10.1007/s00209-023-03306-6},
}

@article {Paun98,
    AUTHOR = {Mihai, Paun},
     TITLE = {Sur les vari\'et\'es k\"ahl\'eriennes compactes \`a{} classe
              de {R}icci num\'eriquement effective},
   JOURNAL = {Bull. Sci. Math.},
  FJOURNAL = {Bulletin des Sciences Math\'ematiques},
    VOLUME = {122},
      YEAR = {1998},
    NUMBER = {2},
     PAGES = {83--92},
      ISSN = {0007-4497,1952-4773},
   MRCLASS = {32L07 (53C55)},
  MRNUMBER = {1613763},
MRREVIEWER = {Antonella\ Nannicini},
       DOI = {10.1016/S0007-4497(98)80078-X},
       URL = {https://doi.org/10.1016/S0007-4497(98)80078-X},
}

@article {Paun07,
    AUTHOR = {P\u aun, Mihai},
     TITLE = {Siu's invariance of plurigenera: a one-tower proof},
   JOURNAL = {J. Differential Geom.},
  FJOURNAL = {Journal of Differential Geometry},
    VOLUME = {76},
      YEAR = {2007},
    NUMBER = {3},
     PAGES = {485--493},
      ISSN = {0022-040X,1945-743X},
   MRCLASS = {32L10 (32J25 32W05)},
  MRNUMBER = {2331528},
MRREVIEWER = {Julien\ Keller},
       URL = {http://projecteuclid.org/euclid.jdg/1180135695},
}

@misc{Paun12, 
    author={ P\u{a}un, Mihai}, 
    title={Relative adjoint transcendental classes and Albanese maps of compact Kaehler manifolds with nef Ricci curvature}, 
    year={2012},
    note={Preprint. arXiv:1209.2195 },
}    

@misc{Patel23,
      title={Uniformization of complex projective klt varieties by bounded symmetric domains}, 
      author={Aryaman Patel},
      year={2023},
      note={Preprint}
}

@article {PT13,
    AUTHOR = {Pereira, Jorge Vit\'{o}rio and Touzet, Fr\'{e}d\'{e}ric},
     TITLE = {Foliations with vanishing {C}hern classes},
   JOURNAL = {Bull. Braz. Math. Soc. (N.S.)},
  FJOURNAL = {Bulletin of the Brazilian Mathematical Society. New Series.
              Boletim da Sociedade Brasileira de Matem\'{a}tica},
    VOLUME = {44},
      YEAR = {2013},
    NUMBER = {4},
     PAGES = {731--754},
      ISSN = {1678-7544},
   MRCLASS = {57R30 (32S65 37F75)},
  MRNUMBER = {3167130},
MRREVIEWER = {Cristian Ida},
       DOI = {10.1007/s00574-013-0032-8},
       URL = {https://doi.org/10.1007/s00574-013-0032-8},
}
@article {PRT22,
    AUTHOR = {Pereira, Jorge Vit\'{o}rio and Rousseau, Erwan and Touzet,
              Fr\'{e}d\'{e}ric},
     TITLE = {Numerically non-special varieties},
   JOURNAL = {Compos. Math.},
  FJOURNAL = {Compositio Mathematica},
    VOLUME = {158},
      YEAR = {2022},
    NUMBER = {6},
     PAGES = {1428--1447},
      ISSN = {0010-437X},
   MRCLASS = {32Q45 (14C20 53C12)},
  MRNUMBER = {4472282},
       DOI = {10.1112/s0010437x22007564},
       URL = {https://doi.org/10.1112/s0010437x22007564},
}

@incollection {PW96,
    AUTHOR = {Peternell, Th. and Wilson, P. M. H.},
     TITLE = {Threefolds with extremal {C}hern classes},
 BOOKTITLE = {Higher-dimensional complex varieties ({T}rento, 1994)},
     PAGES = {357--378},
 PUBLISHER = {de Gruyter, Berlin},
      YEAR = {1996},
      ISBN = {3-11-014503-0},
   MRCLASS = {14J30},
  MRNUMBER = {1463187},
MRREVIEWER = {Ulf\ Persson},
}


@incollection {Pet01,
    AUTHOR = {Peternell, Thomas},
     TITLE = {Subsheaves in the tangent bundle: integrability, stability and
              positivity},
 BOOKTITLE = {School on {V}anishing {T}heorems and {E}ffective {R}esults in
              {A}lgebraic {G}eometry ({T}rieste, 2000)},
    SERIES = {ICTP Lect. Notes},
    VOLUME = {6},
     PAGES = {285--334},
 PUBLISHER = {Abdus Salam Int. Cent. Theoret. Phys., Trieste},
      YEAR = {2001},
   MRCLASS = {14J60 (14F05 14J45)},
  MRNUMBER = {1919461},
MRREVIEWER = {Usha N. Bhosle},
}
@incollection {Pet11,
    AUTHOR = {Peternell, Thomas},
     TITLE = {Generically nef vector bundles and geometric applications},
 BOOKTITLE = {Complex and differential geometry},
    SERIES = {Springer Proc. Math.},
    VOLUME = {8},
     PAGES = {345--368},
 PUBLISHER = {Springer, Heidelberg},
      YEAR = {2011},
      ISBN = {978-3-642-20299-5},
   MRCLASS = {14E30 (14J60)},
  MRNUMBER = {2964482},
MRREVIEWER = {Tomasz\ Szemberg},
       DOI = {10.1007/978-3-642-20300-8\_17},
       URL = {https://doi.org/10.1007/978-3-642-20300-8_17},
}
@article {Pet12,
    AUTHOR = {Peternell, Thomas},
     TITLE = {Varieties with generically nef tangent bundles},
   JOURNAL = {J. Eur. Math. Soc. (JEMS)},
  FJOURNAL = {Journal of the European Mathematical Society (JEMS)},
    VOLUME = {14},
      YEAR = {2012},
    NUMBER = {2},
     PAGES = {571--603},
      ISSN = {1435-9855},
   MRCLASS = {14J10 (14C20 14E30 14J60)},
  MRNUMBER = {2881306},
MRREVIEWER = {Maria Chiara Brambilla},
       DOI = {10.4171/JEMS/312},
       URL = {https://doi.org/10.4171/JEMS/312},
}
@article {PT18,
    AUTHOR = {P\u{a}un, Mihai and Takayama, Shigeharu},
     TITLE = {Positivity of twisted relative pluricanonical bundles and their direct images},
   JOURNAL = {J. Algebraic Geom.},
  FJOURNAL = {Journal of Algebraic Geometry},
    VOLUME = {27},
      YEAR = {2018},
    NUMBER = {2},
     PAGES = {211--272},
      ISSN = {1056-3911},
   MRCLASS = {32L05 (32A25)},
  MRNUMBER = {3764276},
MRREVIEWER = {Severin Barmeier},
       DOI = {10.1090/jag/702},
       URL = {https://doi.org/10.1090/jag/702},
}

@article {PS17,
    AUTHOR = {Popa, Mihnea and Schnell, Christian},
     TITLE = {Viehweg's hyperbolicity conjecture for families with maximal
              variation},
   JOURNAL = {Invent. Math.},
  FJOURNAL = {Inventiones Mathematicae},
    VOLUME = {208},
      YEAR = {2017},
    NUMBER = {3},
     PAGES = {677--713},
      ISSN = {0020-9910,1432-1297},
   MRCLASS = {14D06 (14D07 14E30 14F10)},
  MRNUMBER = {3648973},
MRREVIEWER = {Andreas\ H\"oring},
       DOI = {10.1007/s00222-016-0698-9},
       URL = {https://doi.org/10.1007/s00222-016-0698-9},
}

@Article{Pro05,
 Author = {Prokhorov, Yu. G.},
 Title = {The degree of {Fano} threefolds with canonical {Gorenstein} singularities.},
 FJournal = {Sbornik: Mathematics},
 Journal = {Sb. Math.},
 ISSN = {1064-5616},
 Volume = {196},
 Number = {1},
 Pages = {77--114},
 Year = {2005},
 Language = {English},
 DOI = {10.1070/SM2005v196n01ABEH000873},
 Keywords = {14J45,14J30,14E30},
 zbMATH = {2210555},
 Zbl = {1081.14058}
}

@article{Rau15,
  title={Singular hermitian metrics on holomorphic vector bundles},
  author={Raufi, Hossein},
  journal={Arkiv f{\"o}r Matematik},
  volume={53},
  number={2},
  pages={359--382},
  year={2015},
  publisher={Springer}
}
@misc{Rei83,
    title = {Projective morphisms according to {K}awamata},
    author = {Reid, Miles},
    year = {1983},
    note={Preprint.}
}
@article {RS06,
    AUTHOR = {Ravindra, G. V. and Srinivas, V.},
     TITLE = {The {G}rothendieck-{L}efschetz theorem for normal projective
              varieties},
   JOURNAL = {J. Algebraic Geom.},
  FJOURNAL = {Journal of Algebraic Geometry},
    VOLUME = {15},
      YEAR = {2006},
    NUMBER = {3},
     PAGES = {563--590},
      ISSN = {1056-3911},
   MRCLASS = {14C20 (14C22 14C30)},
  MRNUMBER = {2219849},
MRREVIEWER = {Barry H. Dayton},
       DOI = {10.1090/S1056-3911-05-00421-2},
       URL = {https://doi.org/10.1090/S1056-3911-05-00421-2},
}
@article {RS09,
    AUTHOR = {Ravindra, G. V. and Srinivas, V.},
     TITLE = {The {N}oether-{L}efschetz theorem for the divisor class group},
   JOURNAL = {J. Algebra},
  FJOURNAL = {Journal of Algebra},
    VOLUME = {322},
      YEAR = {2009},
    NUMBER = {9},
     PAGES = {3373--3391},
      ISSN = {0021-8693},
   MRCLASS = {13C20 (14C20)},
  MRNUMBER = {2567426},
MRREVIEWER = {Abdeslam Mimouni},
       DOI = {10.1016/j.jalgebra.2008.09.003},
       URL = {https://doi.org/10.1016/j.jalgebra.2008.09.003},
}
@article {Rei94,
    AUTHOR = {Reid, Miles},
     TITLE = {Nonnormal del {P}ezzo surfaces},
   JOURNAL = {Publ. Res. Inst. Math. Sci.},
  FJOURNAL = {Kyoto University. Research Institute for Mathematical
              Sciences. Publications},
    VOLUME = {30},
      YEAR = {1994},
    NUMBER = {5},
     PAGES = {695--727},
      ISSN = {0034-5318},
   MRCLASS = {14J25 (13H10 14F10)},
  MRNUMBER = {1311389},
MRREVIEWER = {Allen B. Altman},
       DOI = {10.2977/prims/1195165581},
       URL = {https://doi.org/10.2977/prims/1195165581},
}
@article {Rie71,
    AUTHOR = {Riemenschneider, Oswald},
     TITLE = {Characterizing {M}oi\v{s}ezon spaces by almost positive coherent
              analytic sheaves},
   JOURNAL = {Math. Z.},
  FJOURNAL = {Mathematische Zeitschrift},
    VOLUME = {123},
      YEAR = {1971},
     PAGES = {263--284},
      ISSN = {0025-5874},
   MRCLASS = {32C35},
  MRNUMBER = {294714},
MRREVIEWER = {Y.-T. Siu},
       DOI = {10.1007/BF01114795},
       URL = {https://doi.org/10.1007/BF01114795},
}
@article {Ros68,
    AUTHOR = {Rossi, Hugo},
     TITLE = {Picard variety of an isolated singular point},
   JOURNAL = {Rice Univ. Stud.},
  FJOURNAL = {Rice University Studies},
    VOLUME = {54},
      YEAR = {1968},
    NUMBER = {4},
     PAGES = {63--73},
      ISSN = {0035-4996},
   MRCLASS = {32.50},
  MRNUMBER = {244517},
MRREVIEWER = {H. Hironaka},
}
@article {RT16,
    AUTHOR = {Rousseau, Erwan and Taji, Behrouz},
     TITLE = {Orbifold {C}hern classes inequalities and applications},
   JOURNAL = {Ann. Inst. Fourier (Grenoble)},
  FJOURNAL = {Universit\'{e} de Grenoble. Annales de l'Institut Fourier},
    VOLUME = {73},
      YEAR = {2023},
    NUMBER = {6},
     PAGES = {2371--2410},
      ISSN = {0373-0956,1777-5310},
   MRCLASS = {14E30 (14C20 14F17 14J30)},
  MRNUMBER = {4661457},
       DOI = {10.5802/aif.3571},
       URL = {https://doi.org/10.5802/aif.3571},
}

@misc{RT22,
      title={Chern class inequalities for non-uniruled projective varieties}, 
      author={Erwan Rousseau and Behrouz Taji},
      year={2022},
      note = {Preprint arXiv:2208.01343 to appear Bull. London Math. Soc.},
}

@misc{Pat23,
      title={Uniformization of complex projective klt varieties by bounded symmetric domains}, 
      author={Aryaman Patel},
      year={2023},
     note = {Preprint arXiv:2301.07591.},
}

@article {RS17,
    AUTHOR = {Ruppenthal, Jean and Sera, Martin},
     TITLE = {Modifications of torsion-free coherent analytic sheaves},
   JOURNAL = {Ann. Inst. Fourier (Grenoble)},
  FJOURNAL = {Universit\'{e} de Grenoble. Annales de l'Institut Fourier},
    VOLUME = {67},
      YEAR = {2017},
    NUMBER = {1},
     PAGES = {237--265},
      ISSN = {0373-0956},
   MRCLASS = {32C35 (32L05 32L10 32S45)},
  MRNUMBER = {3612330},
MRREVIEWER = {Tan Vo Van},
       URL = {http://aif.cedram.org/item?id=AIF_2017__67_1_237_0},
}

@misc{Sch22, 
    author={Schnell, Christian Schnell}, 
    title={Singular metrics and a conjecture by Campana and Peternell}, 
    year={2022},
    note={Preprint. arXiv:2202.01295 },

@article{Ser96,
	author  = {Serrano, Fernando},
	title   = {Isotrivial fibred surfaces},
	journal = {Ann. Mat. Pura Appl. (4)},
	volume  = {171},
	pages   = {63--81},
	year    = {1996}
}



@article {Sie17,
    AUTHOR = {Sieder, Philip},
     TITLE = {Varieties with ample tangent sheaves},
   JOURNAL = {Manuscripta Math.},
  FJOURNAL = {Manuscripta Mathematica},
    VOLUME = {157},
      YEAR = {2018},
    NUMBER = {1-2},
     PAGES = {257--261},
      ISSN = {0025-2611},
   MRCLASS = {14M20 (14E05 14E08)},
  MRNUMBER = {3845765},
MRREVIEWER = {Tatiana M. Bandman},
       DOI = {10.1007/s00229-017-0979-7},
       URL = {https://doi.org/10.1007/s00229-017-0979-7},
}
@article {Sim92,
    AUTHOR = {Simpson, Carlos T.},
     TITLE = {Higgs bundles and local systems},
   JOURNAL = {Inst. Hautes \'{E}tudes Sci. Publ. Math.},
  FJOURNAL = {Institut des Hautes \'{E}tudes Scientifiques. Publications
              Math\'{e}matiques},
    NUMBER = {75},
      YEAR = {1992},
     PAGES = {5--95},
      ISSN = {0073-8301},
   MRCLASS = {32G13 (14D07 53C07 58D27 58E15)},
  MRNUMBER = {1179076},
MRREVIEWER = {William Goldman},
       URL = {http://www.numdam.org/item?id=PMIHES_1992__75__5_0},
}
@article {Sim88,
    AUTHOR = {Simpson, Carlos T.},
     TITLE = {Constructing variations of {H}odge structure using
              {Y}ang-{M}ills theory and applications to uniformization},
   JOURNAL = {J. Amer. Math. Soc.},
  FJOURNAL = {Journal of the American Mathematical Society},
    VOLUME = {1},
      YEAR = {1988},
    NUMBER = {4},
     PAGES = {867--918},
      ISSN = {0894-0347,1088-6834},
   MRCLASS = {58E15 (32L15 53C25 53C55)},
  MRNUMBER = {944577},
       DOI = {10.2307/1990994},
       URL = {https://doi.org/10.2307/1990994},
}
@article {SY80,
    AUTHOR = {Siu, Yum Tong and Yau, Shing Tung},
     TITLE = {Compact {K}\"{a}hler manifolds of positive bisectional curvature},
   JOURNAL = {Invent. Math.},
  FJOURNAL = {Inventiones Mathematicae},
    VOLUME = {59},
      YEAR = {1980},
    NUMBER = {2},
     PAGES = {189--204},
      ISSN = {0020-9910},
   MRCLASS = {58E20 (53C55)},
  MRNUMBER = {577360},
MRREVIEWER = {John C. Wood},
       DOI = {10.1007/BF01390043},
       URL = {https://doi.org/10.1007/BF01390043},
}

@article {Tak97,
    AUTHOR = {Takayama, Shigeharu},
     TITLE = {On relative base point freeness of adjoint bundle},
   JOURNAL = {Nagoya Math. J.},
  FJOURNAL = {Nagoya Mathematical Journal},
    VOLUME = {146},
      YEAR = {1997},
     PAGES = {185--197},
      ISSN = {0027-7630,2152-6842},
   MRCLASS = {32L10 (14C20)},
  MRNUMBER = {1460958},
MRREVIEWER = {Laurent\ Manivel},
       DOI = {10.1017/S0027763000006255},
       URL = {https://doi.org/10.1017/S0027763000006255},
}

@article {Tak98,
    AUTHOR = {Takayama, Shigeharu},
     TITLE = {Adjoint linear series on weakly {$1$}-complete {K}\"ahler
              manifolds. {I}. {G}lobal projective embedding},
   JOURNAL = {Math. Ann.},
  FJOURNAL = {Mathematische Annalen},
    VOLUME = {311},
      YEAR = {1998},
    NUMBER = {3},
     PAGES = {501--531},
      ISSN = {0025-5831,1432-1807},
   MRCLASS = {32L10 (32C17)},
  MRNUMBER = {1637927},
MRREVIEWER = {Thierry\ Bouche},
       DOI = {10.1007/s002080050198},
       URL = {https://doi.org/10.1007/s002080050198},
}

@article {MR1658236,
    AUTHOR = {Takayama, Shigeharu},
     TITLE = {Nonvanishing theorems on an algebraic variety with large
              fundamental group},
   JOURNAL = {J. Algebraic Geom.},
  FJOURNAL = {Journal of Algebraic Geometry},
    VOLUME = {8},
      YEAR = {1999},
    NUMBER = {1},
     PAGES = {181--195},
      ISSN = {1056-3911},
   MRCLASS = {14E20 (14C30 14F17 32L20)},
  MRNUMBER = {1658236},
MRREVIEWER = {Philippe P. Eyssidieux},
}
@article {MR1735807,
    AUTHOR = {Takayama, Shigeharu},
     TITLE = {Simple connectedness of weak {F}ano varieties},
   JOURNAL = {J. Algebraic Geom.},
  FJOURNAL = {Journal of Algebraic Geometry},
    VOLUME = {9},
      YEAR = {2000},
    NUMBER = {2},
     PAGES = {403--407},
      ISSN = {1056-3911},
   MRCLASS = {14J45 (14F45 32Q55)},
  MRNUMBER = {1735807},
MRREVIEWER = {Jaros\l aw A. Wi\'{s}niewski},
}
@article {MR1838976,
    AUTHOR = {Takayama, Shigeharu},
     TITLE = {On the fundamental groups associated to contractions of
              extremal rays},
   JOURNAL = {J. Algebraic Geom.},
  FJOURNAL = {Journal of Algebraic Geometry},
    VOLUME = {10},
      YEAR = {2001},
    NUMBER = {4},
     PAGES = {713--724},
      ISSN = {1056-3911},
   MRCLASS = {14J45 (14D05 14F35)},
  MRNUMBER = {1838976},
MRREVIEWER = {S\'{a}ndor J. Kov\'{a}cs},
}
@article {Tak03,
    AUTHOR = {Takayama, Shigeharu},
     TITLE = {Local simple connectedness of resolutions of log-terminal
              singularities},
   JOURNAL = {Internat. J. Math.},
  FJOURNAL = {International Journal of Mathematics},
    VOLUME = {14},
      YEAR = {2003},
    NUMBER = {8},
     PAGES = {825--836},
      ISSN = {0129-167X},
   MRCLASS = {14E30 (14B05 14E20 32J25)},
  MRNUMBER = {2013147},
MRREVIEWER = {Massimiliano Mella},
       DOI = {10.1142/S0129167X0300196X},
       URL = {https://doi.org/10.1142/S0129167X0300196X},
}

@article {Tak04,
    AUTHOR = {Takayama, Shigeharu},
     TITLE = {On the existence of pluricanonical forms on varieties with
              infinite fundamental group},
   JOURNAL = {Amer. J. Math.},
  FJOURNAL = {American Journal of Mathematics},
    VOLUME = {126},
      YEAR = {2004},
    NUMBER = {6},
     PAGES = {1221--1235},
      ISSN = {0002-9327,1080-6377},
   MRCLASS = {14J40 (14C20 14F35)},
  MRNUMBER = {2102393},
       URL =
              {http://muse.jhu.edu/journals/american_journal_of_mathematics/v126/126.6takayama.pdf},
}

@article {MR2242627,
    AUTHOR = {Takayama, Shigeharu},
     TITLE = {Pluricanonical systems on algebraic varieties of general type},
   JOURNAL = {Invent. Math.},
  FJOURNAL = {Inventiones Mathematicae},
    VOLUME = {165},
      YEAR = {2006},
    NUMBER = {3},
     PAGES = {551--587},
      ISSN = {0020-9910},
   MRCLASS = {14E05 (14C20 14J40)},
  MRNUMBER = {2242627},
MRREVIEWER = {Tomasz Szemberg},
       DOI = {10.1007/s00222-006-0503-2},
       URL = {https://doi.org/10.1007/s00222-006-0503-2},
}
@incollection {TY87,
    AUTHOR = {Tian, G. and Yau, S.-T.},
     TITLE = {Existence of {K}\"{a}hler-{E}instein metrics on complete
              {K}\"{a}hler manifolds and their applications to algebraic
              geometry},
 BOOKTITLE = {Mathematical aspects of string theory ({S}an {D}iego,
              {C}alif., 1986)},
    SERIES = {Adv. Ser. Math. Phys.},
    VOLUME = {1},
     PAGES = {574--628},
 PUBLISHER = {World Sci. Publishing, Singapore},
      YEAR = {1987},
}

@article {Toma10,
    AUTHOR = {Toma, Matei},
     TITLE = {A note on the cone of mobile curves},
   JOURNAL = {C. R. Math. Acad. Sci. Paris},
  FJOURNAL = {Comptes Rendus Math\'ematique. Acad\'emie des Sciences. Paris},
    VOLUME = {348},
      YEAR = {2010},
    NUMBER = {1-2},
     PAGES = {71--73},
      ISSN = {1631-073X,1778-3569},
   MRCLASS = {14J10},
  MRNUMBER = {2586747},
       DOI = {10.1016/j.crma.2009.11.003},
       URL = {https://doi.org/10.1016/j.crma.2009.11.003},
}

@article {TW10,
    AUTHOR = {Tosatti, Valentino and Weinkove, Ben},
     TITLE = {Estimates for the complex {M}onge-{A}mp\`ere equation on
              {H}ermitian and balanced manifolds},
   JOURNAL = {Asian J. Math.},
  FJOURNAL = {Asian Journal of Mathematics},
    VOLUME = {14},
      YEAR = {2010},
    NUMBER = {1},
     PAGES = {19--40},
      ISSN = {1093-6106,1945-0036},
   MRCLASS = {32W20 (32Q25 35J96 35R01)},
  MRNUMBER = {2726593},
MRREVIEWER = {Yanir\ A.\ Rubinstein},
       DOI = {10.4310/AJM.2010.v14.n1.a3},
       URL = {https://doi.org/10.4310/AJM.2010.v14.n1.a3},
}

@article {Tou08,
    AUTHOR = {Touzet, Fr\'{e}d\'{e}ric},
     TITLE = {Feuilletages holomorphes de codimension un dont la classe
              canonique est triviale},
   JOURNAL = {Ann. Sci. \'{E}c. Norm. Sup\'{e}r. (4)},
  FJOURNAL = {Annales Scientifiques de l'\'{E}cole Normale Sup\'{e}rieure. Quatri\`eme
              S\'{e}rie},
    VOLUME = {41},
      YEAR = {2008},
    NUMBER = {4},
     PAGES = {655--668},
      ISSN = {0012-9593},
   MRCLASS = {32J27 (32Q25 32S65)},
  MRNUMBER = {2489636},
MRREVIEWER = {M. G. Soares},
       DOI = {10.24033/asens.2078},
       URL = {https://doi.org/10.24033/asens.2078},
}

@incollection {Tou16,
    AUTHOR = {Touzet, Fr\'{e}d\'{e}ric},
     TITLE = {On the structure of codimension 1 foliations with
              pseudoeffective conormal bundle},
 BOOKTITLE = {Foliation theory in algebraic geometry},
    SERIES = {Simons Symp.},
     PAGES = {157--216},
 PUBLISHER = {Springer, Cham},
      YEAR = {2016},
      ISBN = {978-3-319-24458-7; 978-3-319-24460-0},
   MRCLASS = {37F75 (32S65)},
  MRNUMBER = {3644247},
MRREVIEWER = {Arturo\ Fern\'{a}ndez-P\'{e}rez},
}

@book {Uen75,
    AUTHOR = {Ueno, Kenji},
     TITLE = {Classification theory of algebraic varieties and compact
              complex spaces},
    SERIES = {Lecture Notes in Mathematics, Vol. 439},
      NOTE = {Notes written in collaboration with P. Cherenack},
 PUBLISHER = {Springer-Verlag, Berlin-New York},
      YEAR = {1975},
     PAGES = {xix+278},
   MRCLASS = {14D20 (32J25)},
  MRNUMBER = {0506253},
MRREVIEWER = {D. Lieberman},
}
@article {Vie77,
    AUTHOR = {Viehweg, Eckart},
     TITLE = {Correction to: ``{C}anonical divisors and the additivity of
              the {K}odaira dimension for morphisms of relative dimension
              one'' ({C}ompositio {M}ath. {\bf 35} (1977), no. 2, 197--223)},
   JOURNAL = {Compositio Math.},
  FJOURNAL = {Compositio Mathematica},
    VOLUME = {35},
      YEAR = {1977},
    NUMBER = {3},
     PAGES = {336},
      ISSN = {0010-437X},
   MRCLASS = {14D20},
  MRNUMBER = {569696},
       URL = {http://www.numdam.org/item?id=CM_1977__35_3_336_0},
}
@incollection {Vie83,
    AUTHOR = {Viehweg, Eckart},
     TITLE = {Weak positivity and the additivity of the {K}odaira dimension
              for certain fibre spaces},
 BOOKTITLE = {Algebraic varieties and analytic varieties ({T}okyo, 1981)},
    SERIES = {Adv. Stud. Pure Math.},
    VOLUME = {1},
     PAGES = {329--353},
 PUBLISHER = {North-Holland, Amsterdam},
      YEAR = {1983},
   MRCLASS = {14J10 (14D20 14F05)},
  MRNUMBER = {715656},
MRREVIEWER = {Yujiro Kawamata},
       DOI = {10.2969/aspm/00110329},
       URL = {https://doi.org/10.2969/aspm/00110329},
}
@article {Wal17,
    AUTHOR = {Waldron, Joe},
     TITLE = {Finite generation of the log canonical ring for 3-folds in
              {${\rm char}\,p$}},
   JOURNAL = {Math. Res. Lett.},
  FJOURNAL = {Mathematical Research Letters},
    VOLUME = {24},
      YEAR = {2017},
    NUMBER = {3},
     PAGES = {933--946},
      ISSN = {1073-2780},
   MRCLASS = {14E30 (14G17)},
  MRNUMBER = {3696609},
MRREVIEWER = {Sho Tanimoto},
       DOI = {10.4310/MRL.2017.v24.n3.a14},
       URL = {https://doi.org/10.4310/MRL.2017.v24.n3.a14},
}
@article {Wang21,
    AUTHOR = {Wang, Juanyong},
     TITLE = {On the {I}itaka conjecture {$C_{n,m}$} for {K}\"{a}hler fibre
              spaces},
   JOURNAL = {Ann. Fac. Sci. Toulouse Math. (6)},
  FJOURNAL = {Annales de la Facult\'{e} des Sciences de Toulouse. Math\'{e}matiques.
              S\'{e}rie 6},
    VOLUME = {30},
      YEAR = {2021},
    NUMBER = {4},
     PAGES = {813--897},
      ISSN = {0240-2963},
   MRCLASS = {32Q15 (14E30 32C15 53C55)},
  MRNUMBER = {4350100},
MRREVIEWER = {Rare\c{s} R\u{a}sdeaconu},
       DOI = {10.5802/afst.1690},
       URL = {https://doi.org/10.5802/afst.1690},
}
@article {Wan22,
    AUTHOR = {Wang, Juanyong},
     TITLE = {Structure of projective varieties with nef anticanonical
              divisor: the case of log terminal singularities},
   JOURNAL = {Math. Ann.},
  FJOURNAL = {Mathematische Annalen},
    VOLUME = {384},
      YEAR = {2022},
    NUMBER = {1-2},
     PAGES = {47--100},
      ISSN = {0025-5831},
   MRCLASS = {14E30 (14J15 32J25 32J27 37F75)},
  MRNUMBER = {4476228},
MRREVIEWER = {Guolei Zhong},
       DOI = {10.1007/s00208-021-02275-7},
       URL = {https://doi.org/10.1007/s00208-021-02275-7},
}

@article{Wah75,
  title={Vanishing theorems for resolutions of surface singularities},
  author={Wahl, Jonathan M},
  journal={Inventiones mathematicae},
  volume={31},
  number={1},
  pages={17--41},
  year={1975},
  publisher={Springer}
}


@article {Wang22,
    AUTHOR = {Wang, Juanyong},
     TITLE = {Structure of projective varieties with nef anticanonical
              divisor: the case of log terminal singularities},
   JOURNAL = {Math. Ann.},
  FJOURNAL = {Mathematische Annalen},
    VOLUME = {384},
      YEAR = {2022},
    NUMBER = {1-2},
     PAGES = {47--100},
      ISSN = {0025-5831,1432-1807},
   MRCLASS = {14E30 (14J15 32J25 32J27 37F75)},
  MRNUMBER = {4476228},
MRREVIEWER = {Guolei\ Zhong},
       DOI = {10.1007/s00208-021-02275-7},
       URL = {https://doi.org/10.1007/s00208-021-02275-7},
}

@book {Weh73,
    AUTHOR = {Wehrfritz, B. A. F.},
     TITLE = {Infinite linear groups. {A}n account of the group-theoretic
              properties of infinite groups of matrices},
    SERIES = {Ergebnisse der Mathematik und ihrer Grenzgebiete [Results in
              Mathematics and Related Areas]},
    VOLUME = {Band 76},
 PUBLISHER = {Springer-Verlag, New York-Heidelberg},
      YEAR = {1973},
     PAGES = {xiv+229},
   MRCLASS = {20HXX},
  MRNUMBER = {335656},
MRREVIEWER = {David\ I.\ Stewart},
}

@article {WZ02,
    AUTHOR = {Wu, Hung-Hsi and Zheng, Fangyang},
     TITLE = {Compact {K}\"ahler manifolds with nonpositive bisectional
              curvature},
   JOURNAL = {J. Differential Geom.},
  FJOURNAL = {Journal of Differential Geometry},
    VOLUME = {61},
      YEAR = {2002},
    NUMBER = {2},
     PAGES = {263--287},
      ISSN = {0022-040X,1945-743X},
   MRCLASS = {53C55 (32Q05 32Q15 53C21)},
  MRNUMBER = {1972147},
MRREVIEWER = {Peng\ Lu},
       URL = {http://projecteuclid.org/euclid.jdg/1090351386},
}

@article {Wu22,
    AUTHOR = {Wu, Xiaojun},
     TITLE = {Strongly pseudo-effective and numerically flat reflexive
              sheaves},
   JOURNAL = {J. Geom. Anal.},
  FJOURNAL = {Journal of Geometric Analysis},
    VOLUME = {32},
      YEAR = {2022},
    NUMBER = {4},
     PAGES = {Paper No. 124, 61},
      ISSN = {1050-6926},
   MRCLASS = {32Q15 (32L05 32Q57)},
  MRNUMBER = {4375833},
MRREVIEWER = {Song Yang},
       DOI = {10.1007/s12220-021-00865-0},
       URL = {https://doi.org/10.1007/s12220-021-00865-0},
}

@misc{Wu21, 
    author={Wu, Xiaojun}, 
    title={Note on compact K\"{a}hler manifold with strongly
    pseudo-effective tangent bundle}, 
    year={2021},
    note={Preprint. arXiv:2110.02931.},
}

@article {Xu23,
    AUTHOR = {Xu, Chenyang},
     TITLE = {K-stability for varieties with a big anticanonical class},
   JOURNAL = {\'Epijournal G\'eom. Alg\'ebrique},
  FJOURNAL = {\'Epijournal de G\'eom\'etrie Alg\'ebrique. EPIGA},
      YEAR = {2023},
     PAGES = {Art. 7, 9},
      ISSN = {2491-6765},
   MRCLASS = {14J45 (32Q20)},
  MRNUMBER = {4671736},
}

@article {Yau77,
    AUTHOR = {Yau, Shing Tung},
     TITLE = {Calabi's conjecture and some new results in algebraic
              geometry},
   JOURNAL = {Proc. Nat. Acad. Sci. U.S.A.},
  FJOURNAL = {Proceedings of the National Academy of Sciences of the United
              States of America},
    VOLUME = {74},
      YEAR = {1977},
    NUMBER = {5},
     PAGES = {1798--1799},
      ISSN = {0027-8424},
   MRCLASS = {53C55 (14M20 32C10)},
  MRNUMBER = {451180},
MRREVIEWER = {Bang-yen\ Chen},
       DOI = {10.1073/pnas.74.5.1798},
       URL = {https://doi.org/10.1073/pnas.74.5.1798},
}

@Article{YZ18,
 Author = {Yang, Bo and Zheng, Fangyang},
 Title = {On curvature tensors of {Hermitian} manifolds},
 FJournal = {Communications in Analysis and Geometry},
 Journal = {Commun. Anal. Geom.},
 ISSN = {1019-8385},
 Volume = {26},
 Number = {5},
 Pages = {1195--1222},
 Year = {2018},
 Language = {English},
 DOI = {10.4310/CAG.2018.v26.n5.a7},
 Keywords = {53B35},
 zbMATH = {7019864},
 Zbl = {1408.53031}
}

@misc{Yang20, 
    author={Xiaokui Yang}, 
    title={Compact K\"ahler manifolds with quasi-positive second Chern-Ricci curvature}, 
    year={2020},
    note={Preprint. arXiv:2006.13884},
}    

@incollection {Zha06,
    AUTHOR = {Zhang, Shou-Wu},
     TITLE = {Distributions in algebraic dynamics},
 BOOKTITLE = {Surveys in differential geometry. {V}ol. {X}},
    SERIES = {Surv. Differ. Geom.},
    VOLUME = {10},
     PAGES = {381--430},
 PUBLISHER = {Int. Press, Somerville, MA},
      YEAR = {2006},
      ISBN = {978-1-57146-116-2; 1-57146-116-7},
   MRCLASS = {32H50 (11G50 32J27 37F10)},
  MRNUMBER = {2408228},
MRREVIEWER = {Matthew\ H.\ Baker},
       DOI = {10.4310/SDG.2005.v10.n1.a9},
       URL = {https://doi.org/10.4310/SDG.2005.v10.n1.a9},
}

@article {Amb05,
    AUTHOR = {Ambro, Florin},
     TITLE = {The moduli {$b$}-divisor of an lc-trivial fibration},
   JOURNAL = {Compos. Math.},
  FJOURNAL = {Compositio Mathematica},
    VOLUME = {141},
      YEAR = {2005},
    NUMBER = {2},
     PAGES = {385--403},
      ISSN = {0010-437X,1570-5846},
   MRCLASS = {14E30 (14N30)},
  MRNUMBER = {2134273},
MRREVIEWER = {Mark\ Gross},
       DOI = {10.1112/S0010437X04001071},
       URL = {https://doi.org/10.1112/S0010437X04001071},
}

@incollection {GP91,
    AUTHOR = {Gromov, M. and Pansu, P.},
     TITLE = {Rigidity of lattices: an introduction},
 BOOKTITLE = {Geometric topology: recent developments ({M}ontecatini
              {T}erme, 1990)},
    SERIES = {Lecture Notes in Math.},
    VOLUME = {1504},
     PAGES = {39--137},
 PUBLISHER = {Springer, Berlin},
      YEAR = {1991},
      ISBN = {3-540-55017-8},
   MRCLASS = {53C23 (22E40)},
  MRNUMBER = {1168043},
MRREVIEWER = {Viktor\ Schroeder},
       DOI = {10.1007/BFb0094289},
       URL = {https://doi.org/10.1007/BFb0094289},
}

@article {Hor13,
    AUTHOR = {H{\"o}ring, Andreas},
     TITLE = {Manifolds with nef cotangent bundle},
   JOURNAL = {Asian J. Math.},
  FJOURNAL = {Asian Journal of Mathematics},
    VOLUME = {17},
      YEAR = {2013},
    NUMBER = {3},
     PAGES = {561--568},
      ISSN = {1093-6106,1945-0036},
   MRCLASS = {14F10 (14D06 14E30 14J40 32J27)},
  MRNUMBER = {3119799},
MRREVIEWER = {Thomas\ Eckl},
       DOI = {10.4310/AJM.2013.v17.n3.a7},
       URL = {https://doi.org/10.4310/AJM.2013.v17.n3.a7},
}

@misc{stacks-project,
    shorthand    = {Stacks},
    author       = {The {Stacks Project Authors}},
    title        = {\textit{Stacks Project}},
    howpublished = {\url{https://stacks.math.columbia.edu}},
    year         = {2018},
  }






